=LDR  00742cam a2200205 i 4500
=001  8260
=005  20250120115850.0
=008  140522t20142014ne\b\\\\\b\\\\000\0\dut\\
=020  \\$a9789029588997 (paperback)
=040  \\$aOI
=041  \\$adut
=100  \\$aHoek, Sietse van der$4aut$911605
=245  10$aLangs de nullijn:$bde twee kanten van Nederland
=264  \1$aUtrecht:$bArbeiderspers$c2014
=300  \\$a341 pages$bcolor maps$c22 cm
=504  \\$aIncludes bibliographical references (pages 339-341).
=651  \0$aNetherlands$1http://www.wikidata.org/entity/Q55$9173
=942  \\$cBOO
=952  \\$00$10$2ddc$40$6TOP_NL$70$8TOP$98253$aORPH$bORPH$cKTS0$d2020-07-08$eKoopman$i44G22$oTOP NL$p20126854$r2021-01-12 00:00:00$w2021-01-12$yBOO
=999  \\$d8260

