=LDR  01409cam a22003014a 4500
=001  8262
=005  20251030164102.0
=008  021118s2002\\\\ne\abo\\\b\\\\001\0\dut\\
=020  \\$a9053528105
=040  \\$aOI
=041  \\$adut
=100  \\$aHoenkamp-Mazgon, Marlies$911607$4aut
=245  10$aPalais de Hollande te Istanboel:$bHet ambassadegebouw en zijn bewoners sinds 1612
=260  \\$aAmsterdam$bBoom$c2002
=300  \\$a176 pages
=504  \\$aIncludes bibliographical references (p. 169-171) and index.
=648  \0$1http://www.wikidata.org/entity/Q7016$a17th Century (1601-1700)$920923
=648  \0$1http://www.wikidata.org/entity/Q7015$a18th Century (1701-1800)$920899
=648  \0$1http://www.wikidata.org/entity/Q6955$a19th Century (1801-1900)$920935
=648  \0$1http://www.wikidata.org/entity/Q6927$a20th Century (1901-2000)$920936
=650  \0$aPalace$1http://www.wikidata.org/entity/Q16560$92588
=650  \0$aArchitecture$1http://www.wikidata.org/entity/Q12271$93185
=650  \0$aCultural history$1http://www.wikidata.org/entity/Q858517$922395
=651  \0$aIstanbul (Turkey)$1http://www.wikidata.org/entity/Q406$926387
=651  \0$aNetherlands$1http://www.wikidata.org/entity/Q55$9173
=942  \\$cBOO
=952  \\$00$10$2ddc$40$6TOP_TR_IST$70$8TOP$98255$aORPH$bORPH$cKTS0$d2020-07-08$eKoopman$i40E10$l0$oTOP TR.IST$p20120263$r2021-01-12 00:00:00$w2021-01-12$yBOO$OKoopman
=999  \\$d8262

