=LDR  01150cam a2200241 a 4500
=001  8263
=008  071101s2008\\\\-usag\\\\b\\\\001\0\eng\\
=041  \\$aeng
=100  \\$aHoeprich, Eric$4aut$911608
=245  14$aThe Clarinet
=260  \\$aNew Haven $aLondon $bYale University Press$c2008
=300  \\$axx-395 pages$bill., music $c26 cm
=490  \\$aThe Yale Musical Instrument Series
=500  \\$aWith a written dedication from the author to TK
=504  \\$aIncludes bibliographical references (p. [335]-386) and index.
=650  \0$aClarinet$1http://www.wikidata.org/entity/Q8343$92937
=650  \0$aMusic history$1http://www.wikidata.org/entity/Q846047$921373
=650  \0$aOrganology$1http://www.wikidata.org/entity/Q899293$921400
=856  \\$uhttp://www.loc.gov/catdir/enhancements/fy0833/2007940645-b.html$3Contributor biographical information
=856  \\$uhttp://www.loc.gov/catdir/enhancements/fy0833/2007940645-d.html$3Publisher description
=942  \\$cBOO
=952  \\$00$10$2ddc$40$6INS_6_000000000000000_4A$70$8INS$98256$aORPH$bORPH$cKTS0$d2020-07-08$eKoopman$i29C07$oINS6.4a$p20123477$r2021-01-12 00:00:00$w2021-01-12$yBOO
=999  \\$d8263

