=LDR  00509    a2200133   4500
=001  8268
=041  \\$ager
=100  \\$aHoffmann-Axthelm, Dagmar$4aut$920007
=245  \\$aSchriftenverzeichnis zum Arbeitsbereich historischer Musikpraxis 1974/1975
=260  \\$c1976$aAmadeus$bWinterthur
=300  \\$a134 pages
=942  \\$cBOO$2ddc
=952  \\$00$10$2ddc$40$6MTP_2_000000000000000_HOFF$70$8MTP$98261$aORPH$bORPH$cKM12_1$d2020-07-08$eKoopman$i30F41$l0$oMTP 2 HOFF$p20123291$r2021-01-12 00:00:00$w2021-01-12$yBOO
=999  \\$c8268$d8268

