=LDR  00886cam a2200205 a 4500
=001  8269
=005  20250120120156.0
=008  840822s1982\\\\gw\gj\\\\bc\\\001\0bger\\
=020  \\$a3885830035
=040  \\$aOI
=100  \\$aHoffmann-Erbrecht, Lothar$911614
=245  10$aHenricus Finck, musicus excellentissimus (1445-1527) /$cLothar Hoffmann-Erbrecht.
=260  \\$aKöln :$bGitarre und Laute Verlagsgesellschaft,$c1982.
=300  \\$a244 p. :$bmusic, gen. tab. ;$c25 cm.
=504  \\$aWorks: p. 203-219 ; Bibliography: p. 230-239.
=600  \0$aFinck, Heinrich$d1444/45-1527$1http://www.wikidata.org/entity/Q677573$911615
=650  \0$aComposer$1http://www.wikidata.org/entity/Q36834$93625
=942  \\$cBOO
=952  \\$00$10$2ddc$40$6BIO_FINC_D$70$8BIO$98262$aORPH$bORPH$cKTS1_P$d2020-07-08$eKoopman$i24F32$oBIO FINC d$p20125853$r2021-01-12 00:00:00$w2021-01-12$yBOO$OKoopman
=999  \\$c8269$d8269

