=LDR  00365    a2200109   4500
=001  8270
=100  \\$aHoffmann-Erbrecht, Lothar$911614
=245  \\$aThomas Stolzer
=260  \\$c1964
=942  \\$cBOO
=952  \\$00$10$2ddc$40$6BIO_STOL1_D$70$8BIO$98263$aORPH$bORPH$cKTS1_P$d2020-07-08$eKoopman$i33C23$oBIO STOL1 d$p20123003$r2021-01-12 00:00:00$w2021-01-12$yBOO$OKoopman
=999  \\$c8270$d8270

