=LDR  00879    a2200193   4500
=001  8271
=008  210923s1969\\\\\\\|||||\||||\00|\0dger\d
=041  \\$ager
=100  \\$aHoffmann, Adolf$4aut$911617
=245  \\$aDie Orchestersuiten Georg Philipp Telemanns TWV 55$bmit thematisch-bibliographischem Werkverzeichnis
=260  \\$aZürich$aWolfenbüttel$bMöseler$c1969
=300  \\$a188 pages
=600  \0$aTelemann, Georg Philipp$d1681-1767$1http://www.wikidata.org/entity/Q75854$99287
=648  \0$a18th Century (1701-1800)$1http://www.wikidata.org/entity/Q7015$920899
=650  \0$aSuite$1http://www.wikidata.org/entity/Q203005$921718
=651  \0$aGermany$1http://www.wikidata.org/entity/Q183$9155
=942  \\$cBOO
=952  \\$00$10$2ddc$40$6BIO_TELE_E$70$8BIO$98264$aORPH$bORPH$cKTS1_P$d2020-07-08$eKoopman$i33C06$oBIO TELE e$p20123019$r2021-01-12 00:00:00$w2021-01-12$yBOO
=999  \\$d8271

