=LDR  00983aam a2200229   4500
=001  8273
=005  20250925143258.0
=008  211112s1983\\\\nl\f||||\||||\00|\0\ger\d
=020  \\$a3923947062
=041  \\$ager
=100  \\$aHoffmann, Bruno$d1913-1991$1http://www.wikidata.org/entity/Q993352$4aut$911618
=245  \\$aEin Leben für die Glasharfe
=260  \\$aBamberg$bMichel$c1983
=300  \\$a191 pages
=648  \0$a20th Century (1901-2000)$1http://www.wikidata.org/entity/Q6927$920936
=650  \0$aInstrumentalist$1http://www.wikidata.org/entity/Q1278335$921706
=650  \1$aGlass harmonica$1http://www.wikidata.org/entity/Q917571$922801
=650  \0$aBiography$1http://www.wikidata.org/entity/Q36279$91927
=651  \0$aGermany$1http://www.wikidata.org/entity/Q183$9155
=942  \\$cBOO
=952  \\$00$10$2ddc$40$6INS_10_000000000000000_9A_HOFF$70$8INS$98266$aORPH$bORPH$cKTS0$d2020-07-08$eKoopman$i43B32$oINS10.9a HOFF$p20127220$r2021-01-12 00:00:00$w2021-01-12$yBOO
=999  \\$d8273

