=LDR  00858aam a2200205   4500
=001  8275
=005  20250926134855.0
=008  230508s1989\\\\|||g||||\||||\00|\0\ger\d
=020  \\$a3150085403
=041  \\$ager
=100  \\$aHoffmann, G.$911620$4aut
=245  \\$aDas Orgelwerk Johann Sebastian Bachs:$bEin Konzertführer
=260  \\$aStuttgart$bReclam$c1989
=600  \0$1http://www.wikidata.org/entity/Q1339$aBach, Johann Sebastian$d1685-1750$94766
=648  \0$1http://www.wikidata.org/entity/Q7015$a18th Century (1701-1800)$920899
=650  \0$1http://www.wikidata.org/entity/Q2003283$aOrgan music$91951
=651  \0$1http://www.wikidata.org/entity/Q183$aGermany$9155
=942  \\$cBOO
=952  \\$00$10$40$6BIO_BACH1_E$70$8BIO$98268$aORPH$bORPH$cKTS1_P$d2020-07-08$eKoopman$i20D35$oBIO BACH1 e$p20125354$r2021-01-12 00:00:00$w2021-01-12$yBOO$OKoopman
=999  \\$d8275

