=LDR  01420aam a2200253   4500
=001  8277
=008  250227s1964\\\\||||||||\||||\00|\0bger\d
=041  \\$ager
=100  \\$aHoffmeister, J.$911622$4aut
=245  \\$aDer Kantor zu St. Nikolai.$bBeschreibung des Lebens von Johann Crügern, Direct. Musices zu Berlin, wo und wann er in diese Welt kommen, was er darinnen gelernet, erfahren, ausgestanden und gewirket
=260  \\$aBerlin$bEvangelische Verlagsanstalt$c1964
=600  \0$aCrüger, Johann$d1598-1662$1http://www.wikidata.org/entity/Q158097$97135
=610  \0$aNikolaikirche (Berlin, Germany)$1http://www.wikidata.org/entity/Q679052$939792
=648  \0$a17th Century (1601-1700)$1http://www.wikidata.org/entity/Q7016$920923
=650  \0$aConductor$1http://www.wikidata.org/entity/Q158852$93134
=650  \0$aCantor$1http://www.wikidata.org/entity/Q330679$923204
=650  \0$aBiography$1http://www.wikidata.org/entity/Q36279$91927
=650  \0$aCappella$1http://www.wikidata.org/entity/Q19902156$922910
=650  \0$aChurch$1http://www.wikidata.org/entity/Q16970$93776
=650  \0$aLutheranism$1http://www.wikidata.org/entity/Q75809$923975
=651  \0$aBerlin (Germany)$1http://www.wikidata.org/entity/Q64$948
=942  \\$cBOO
=952  \\$00$10$2ddc$40$6BIO_CRÜG_D$70$8BIO$98270$aORPH$bORPH$cKTS1_P$d2020-07-08$eKoopman$i44B08$oBIO CRÜG d$p20126704$r2021-01-12 00:00:00$w2021-01-12$yBOO$OKoopman
=999  \\$d8277

