=LDR  00746aam a2200181   4500
=001  8278
=005  20250925143258.0
=008  230124s1966\\\\|||a||||\||||\00|\0\eng\d
=041  \\$aeng
=100  \\$aHoffnung, Gerard$d1925-1959$4aut$1http://www.wikidata.org/entity/Q75340$917859
=245  \\$aThe Penguin Hoffnung
=260  \\$aMiddlesex$bPenguin$c1966
=648  \0$a20th Century (1901-2000)$1http://www.wikidata.org/entity/Q6927$920936
=650  \0$aSatire$1http://www.wikidata.org/entity/Q128758$921636
=651  \0$aUnited Kingdom$1http://www.wikidata.org/entity/Q21$9273
=942  \\$cBOO
=952  \\$00$10$2ddc$40$6VIS_HOFF$70$8VIS$98271$aORPH$bORPH$cKTS1_H$d2020-07-08$eKoopman$i38D18$oVIS HOFF$p20122391$r2021-01-12 00:00:00$w2021-01-12$yBOO
=999  \\$d8278

