=LDR  00813aam a2200205   4500
=001  8279
=005  20251012162438.0
=008  210302s1993\\\\be\a||||\||||\00|\0\eng\d
=020  \\$a9780285626171
=041  \\$aita$aeng
=100  \\$aHoffnung, Gerard$d1925-1959$4ill$1http://www.wikidata.org/entity/Q75340$917859
=245  \\$aThe Maestro
=260  \\$aLondon$bHoffnung Partnership$c1993
=300  \\$a54 pages
=561  \\$aPresented to Koopman by the ECBO in 1993 with a caricature
=648  \0$a20th Century (1901-2000)$1http://www.wikidata.org/entity/Q6927$920936
=650  \0$aSatire$1http://www.wikidata.org/entity/Q128758$921636
=942  \\$cBOO
=952  \\$00$10$2ddc$40$6VIS_HOFF$70$8VIS$98272$aORPH$bORPH$cKTS1_H$d2020-07-08$eKoopman$i38D41$l0$oVIS HOFF$p20122365$r2021-01-12 00:00:00$w2021-01-12$yBOO
=999  \\$d8279

