=LDR  00993cam a2200229 a 4500
=001  8280
=008  890113s1987\\\\gw\af\\\\b\\\\001\0\ger\\
=020  \\$a3926891017
=041  \\$ager
=100  \\$aHöflacher, Ulrich$4aut$911624
=245  10$aJohann Nepomuk Holzhey.$bEin oberschwäbischer Orgelbauer 
=260  \\$aRavensburg $bOberschwäbische Verlagsanstalt$c1987
=300  \\$a372 pages$bill. (some col.) $c29 cm
=490  \\$aVeröffentlichung der Gesellschaft der Orgelfreunde 
=504  \\$aBibliography: p. 366-368
=600  \0$aHolzhey, Johann Nepomuk$d1741-1809$911625
=650  \0$aOrgan$1http://www.wikidata.org/entity/Q1444$92810
=650  \0$aOrganology$1http://www.wikidata.org/entity/Q899293$921400
=651  \0$aGermany$1http://www.wikidata.org/entity/Q183$9155
=942  \\$cBOO
=952  \\$00$10$2ddc$40$6INS_3_000000000000000_1B_HOLZ$70$8INS$98273$aORPH$bORPH$cKTS0$d2020-07-08$eKoopman$i24G63$l0$oINS3.1b HOLZ$p20129293$r2021-01-12 00:00:00$w2021-01-12$yBOO$OKoopman
=999  \\$d8280

