=LDR  01398cam a2200313 a 4500
=001  8282
=003  OI
=005  20250716123225.0
=008  830404s1983\\\\ne\a\\\\\b\\\\001\0bdut\\
=020  \\$a9061944430 :$cfl 65.00
=040  \\$aOI
=041  0\$aduteng
=100  \\$aHofman, Hendrik Arie$d-1948$4aut$911627
=245  10$aConstantijn Huygens (1596-1687): een christelijk-humanistisch bourgeois-gentilhomme in dienst van het Oranjehuis
=246  \\$aConstantine Huygens (1596-1687): A Christian-Humanist Bourgeois-Gentilhomme in Service of the House of Orange
=260  \\$aUtrecht$bHES$c1983
=300  \\$a363 p. :$bill. ;$c23 cm.
=504  \\$aBibliography: p. 329-340.
=600  \0$aHuygens, Constantijn$d1596-1687$1http://www.wikidata.org/entity/Q560746$95174
=650  \0$aPoet$1http://www.wikidata.org/entity/Q49757$92954
=650  \0$aDiplomat$1http://www.wikidata.org/entity/Q193391$92940
=650  \0$aHumanism$1http://www.wikidata.org/entity/Q46158$92157
=651  \0$aNetherlands$1http://www.wikidata.org/entity/Q55$9173
=740  0\$aConstantine Huygens (1596-1687)
=942  \\$cBOO$2ddc
=952  \\$00$10$2ddc$40$6BIO_HUYG1_D$70$8BIO$98275$aORPH$bORPH$cKTS1_P$d2020-07-08$eKoopman$i46C18$l0$oBIO HUYG1 d$p20127645$r2021-01-12 00:00:00$w2021-01-12$yBOO
=999  \\$c8282$d8282
=490  \\$aHES studia historica ;
=650  \0$aBiography$1http://www.wikidata.org/entity/Q36279$91927

