=LDR  00871cam a2200205   4500
=001  8283
=005  20250120120357.0
=008  840214s1961\\\\fr\acgh\\\\\\\000\0bfre\\
=040  \\$aOI
=041  \\$afre
=100  \\$aHofman, Shlomo$d1909-1998$4aut$920887
=245  12$aL'oeuvre de clavecin de François Couperin le grand : étude stylistique
=260  \\$aParis$bPicard$c1961
=300  \\$a229 p. :$bill., ports., facsims., geneal. table, music ;$c25 cm.
=600  \0$aCouperin, François$d1668-1733$1http://www.wikidata.org/entity/Q50186$96241
=906  \\$a0$bcbc$cpremunv$du$encip$f19$gy-gencatlg
=942  \\$cBOO
=952  \\$00$10$2ddc$40$6BIO_COUP_E$70$8BIO$98276$aORPH$bORPH$cKTS1_P$d2020-07-08$eKoopman$i32D15$l0$oBIO COUP e$p20123130$r2021-01-12 00:00:00$w2021-01-12$yBOO
=955  \\$ucd06 2019-12-05 telework corrected name for "Hofman" per BFM request
=999  \\$c8283$d8283

