=LDR  01192    a2200265   4500
=001  8284
=005  20250926134855.0
=008  210707e1985\\\\\\\||ld|\||||\00|\0\ger\d
=040  \\$aMB
=041  \\$ager
=100  \\$aBach, Johann Sebastian$d1685-1750$4cmp$1http://www.wikidata.org/entity/Q1339$94766
=245  \\$aKritischer Bericht: Kantaten zum 11. und 12. Sonntag nach Trinitatis
=260  \\$c1985$aGermany$bVEB Deutscher Verlag für Musik Leipzig
=300  \\$a2 vols. (xii-275-[1]+219 pages)$bmusic
=336  \\$aprinted
=490  \\$aNeue Ausgabe Sämtlicher Werke$vSerie I: Kantaten 20
=648  \0$a18th Century (1701-1800)$1http://www.wikidata.org/entity/Q7015$920899
=650  \0$aLute$1http://www.wikidata.org/entity/Q180733$93944
=650  \0$aCantata$1http://www.wikidata.org/entity/Q174873$921603
=651  \0$aGermany$1http://www.wikidata.org/entity/Q183$9155
=700  \\$4edt$aHofmann, Klaus$d-1939$914950
=700  \\$4edt$aMay, Ernest$1http://www.wikidata.org/entity/Q5393540$921871
=942  \\$cSCO
=952  \\$00$10$2ddc$40$6SCO_BACH1$70$8SCO$98277$aORPH$bORPH$cKTS1_P$d2020-07-08$eKoopman$i29A01$l0$oSCO BACH1$p20123527$r2021-01-12 00:00:00$yTYPE_UNK
=999  \\$c8284$d8284

