=LDR  01015cam a2200265 a 4500
=001  8285
=005  20250109133335.0
=008  030905s2003\\\\gw\ag\\\\b\\\\001\0\ger\\
=010  \\$a  2006374610
=020  \\$a3761814992 (pbk.)
=035  \\$a(OCoLC)ocm52980175
=040  \\$aOHX$cOHX$dOCLCQ$dRCE$dOCLCQ$dDLC
=042  \\$alccopycat
=100  1\$aHofmann, Klaus,$d1939-
=245  10$aJohann Sebastian Bach :$bdie Motetten /$cKlaus Hofmann.
=260  \\$aKassel ;$aNew York :$bBärenreiter,$cc2003.
=300  \\$a263 p. :$bill., music ;$c19 cm.
=504  \\$aIncludes bibliographical references (p. 248-256) and indexes.
=600  10$aBach, Johann Sebastian,$d1685-1750.$tMotets.
=650  \0$aMotets
=952  \\$00$10$2ddc$40$6BIO_BACH1_E$70$8BIO$98278$aORPH$bORPH$cKTS1_P$d2020-07-08$eKoopman$i33E29$oBIO BACH1 e$p20120960$r2021-01-12 00:00:00$w2021-01-12$yBOO
=999  \\$c8285$d8285
=490  \\$aBärenreiter Werkeinführungen
=650  \0$aMusic history$1http://www.wikidata.org/entity/Q846047$921373
=942  \\$cBOO

