=LDR  00886aam a2200193   4500
=001  8287
=005  20250922095759.0
=008  250922b\\\\\\\\||||||||\||||\00|\0\dut\d
=041  \\$adut
=100  \\$aHoftijzer, P. G.$1http://www.wikidata.org/entity/Q95333504$911631$4aut
=245  \\$aBibliotheca Thysiana:$bTot publiijcke dienst der studie
=260  \\$aLeiden$bBibliotheca Thysiana$c2008
=610  \0$aBibliotheca Thysiana (Leiden, Netherlands)$1http://www.wikidata.org/entity/Q2901261$922996
=648  \0$a17th Century (1601-1700)$1http://www.wikidata.org/entity/Q7016$920923
=650  \0$aLibrary$1http://www.wikidata.org/entity/Q7075$94229
=651  \0$aLeiden (Netherlands)$1http://www.wikidata.org/entity/Q43631$978
=942  \\$cBOO
=952  \\$00$10$2ddc$40$70$8BIB$98280$aORPH$bORPH$cKTS0$d2020-07-08$eKoopman$i45G36$l0$p20127528$r2021-01-12 00:00:00$w2021-01-12$yBOO$OKoopman
=999  \\$d8287

