=LDR  01269cam a2200301 a 4500
=001  8289
=005  20250120120126.0
=008  001212s2000\\\\ne\a\\\\\\\\\\001\0\dut\\
=020  \\$a9012089336 (pbk.)
=040  \\$aOI
=041  \\$adut
=245  10$aDrukkers, boekverkopers en lezers in de Republiek:$been historiografische en bibliografische handleiding
=250  \\$a2nd rev. ed.
=260  \\$aThe Hague$bSdu$c2000
=300  \\$axiv-265 pages$billustrations$c24 cm
=490  \\$aNederlandse cultuur in Europese context$v1
=500  \\$a"Ijkpunt 1650."
=504  \\$aIncludes bibliographical references (p. 183-242) and index.
=561  \\$aContains a handwritten dedication by P. G. Hoftijzer to Ton Koopman
=650  \0$aBook$1http://www.wikidata.org/entity/Q571$92285
=650  \0$aPublishing$1http://www.wikidata.org/entity/Q3972943$93049
=650  \0$aTranslation$1http://www.wikidata.org/entity/Q7553$92492
=651  \0$aNetherlands$1http://www.wikidata.org/entity/Q55$9173
=700  \\$aHoftijzer, P. G.$4aut$911631
=700  \\$aLankhorst, Otto$4aut$912287
=942  \\$cBOO
=952  \\$00$10$2ddc$40$6BIB_4_000000000000000_NL$70$8BIB$98282$aORPH$bORPH$cKTS0$d2020-07-08$eKoopman$i28E45$oBIB4 NL$p20121389$r2021-01-12 00:00:00$w2021-01-12$yBOO
=999  \\$d8289

