=LDR  00834aam a2200181   4500
=001  8292
=008  210517s1977\\\\\\\|||||\||||\00|\0\eng\d
=041  \\$aeng
=100  \\$aHogwood, Christopher$d1941-2014$4aut$1http://www.wikidata.org/entity/Q435198$918287
=245  \\$aMusic at Court
=260  \\$aLondon$bFolio Society$c1977
=648  \0$aRenaissance (1400-1600)$1http://www.wikidata.org/entity/Q4692$920965
=648  \0$a17th Century (1601-1700)$1http://www.wikidata.org/entity/Q7016$920923
=648  \0$a18th Century (1701-1800)$1http://www.wikidata.org/entity/Q7015$920899
=650  \0$aMusic history$1http://www.wikidata.org/entity/Q846047$921373
=942  \\$cBOO
=952  \\$00$10$2ddc$40$6GHM_5_000000000000000$70$8GHM$98285$aORPH$bORPH$cKM12_1$d2020-07-08$eKoopman$i30F30$oGHM5$p20123302$r2021-01-12 00:00:00$w2021-01-12$yBOO
=999  \\$d8292

