=LDR  01629aam a2200229   4500
=001  8294
=008  210517s1980\\\\\\\|||||\||||\00|\0\eng\d
=041  \\$aeng
=100  \\$aHogwood, Christopher$d1941-2014$4aut$1http://www.wikidata.org/entity/Q435198$918287
=245  \\$aHaydn's Visits to England
=260  \\$aLondon$bFolio Society$c1980
=300  \\$a116 pages
=500  \\$aCompanion to the LP "Haydn's Music for England" (20132375; REC 12 HOGW 1980)
=520  \\$aThe year 1790 brought the death of Haydn's patron Nicolaus Esterházy and the subsequent sacking of his music staff; the impresario Johann Peter Salomon seized this moment to lure the celebrity composer to London for two visits in 1791 and 1794. Hogwood makes extensive use of contemporary documents such as newspaper reports and Haydn's own notebooks and letters to examine the English public's Haydn-mania and the composer's own reactions to new people and experiences.
=600  \0$aHaydn, Joseph$d1732-1809$1http://www.wikidata.org/entity/Q7349$94783
=648  \0$a18th Century (1701-1800)$1http://www.wikidata.org/entity/Q7015$920899
=650  \0$aMusic history$1http://www.wikidata.org/entity/Q846047$921373
=651  \0$aUnited Kingdom$1http://www.wikidata.org/entity/Q21$9273
=942  \\$cBOO
=952  \\$00$10$2ddc$40$6BIO_HAYD1_E$70$8BIO$98287$aORPH$bORPH$cKTS1_P$d2020-07-08$eKoopman$i33D24$oBIO HAYD1 e$p20122725$r2021-01-12 00:00:00$w2021-01-12$yBOO
=952  \\$00$10$2ddc$40$6REC_12_000000000000000_HOGW_1980$70$8REC$925301$aORPH$bORPH$cKM12_3_2$d2020-07-08$eHuys$g10.00$l0$oREC 12 HOGW 1980$p20132379$r2025-02-04 15:07:03$w2021-01-12$yBOO
=999  \\$d8294

