=LDR  00831cam a22002171i 4500
=001  8298
=005  20250120120032.0
=008  771205s1974\\\\gw\g\\\\\b\\\\000\0\ger\\
=040  \\$aOI
=041  \\$ager
=100  \\$aHol, Johannes Cornelis$d1874-1953$4aut$911640
=245  10$aHoratio Vecchi's weltliche Werke :$bmit e. musikal. Anh.
=250  \\$a2nd ed.
=260  \\$aBaden-Baden$bKoerner$c1974
=300  \\$a78, 12 p. :$bmusic ;$c23 cm.
=490  1\$aSammlung musikwissenschaftlicher Abhandlungen$v13
=504  \\$aIncludes bibliographical references.
=600  \0$aVecchi, Orazio$d1550-1605$1http://www.wikidata.org/entity/Q84146$911641
=942  \\$cBOO
=952  \\$00$10$2ddc$40$6BIO_VECC_E$70$8BIO$98291$aORPH$bORPH$cKTS1_P$d2020-07-08$eKoopman$i22C46$l0$oBIO VECC e$p20125680$r2021-01-12 00:00:00$w2021-01-12$yBOO
=999  \\$c8298$d8298

