=LDR  00790    a2200169   4500
=001  8299
=008  210308s1904\\\\be\|||||\||||\00|\0\dut\d
=041  \\$adut
=100  \\$aHol, Johannes Cornelis$d1874-1953$4aut$911640
=245  \\$aMuzikale fantasieën en kritieken
=260  \\$c1904$aAmsterdam$bS. L. Van Looy
=300  \\$a2 vols., 189+ pages
=942  \\$cBOO
=952  \\$00$10$2ddc$40$6TRE_HOL$70$8TRE$98292$aORPH$bORPH$cKTS1_H$d2020-07-08$eKoopman$i23G04-1$l0$oTRE HOL$p20125784$r2021-01-12 00:00:00$w2021-01-12$yBOO$zEerste deel
=952  \\$00$10$2ddc$40$6TRE_HOL$70$8TRE$98293$aORPH$bORPH$cKTS1_H$d2020-07-08$eKoopman$i23G04-2$l0$oTRE HOL$p20125785$r2021-01-12 00:00:00$w2021-01-12$yBOO$zTweede deel
=999  \\$c8299$d8299
=650  \0$aMusic criticism$1http://www.wikidata.org/entity/Q11748889$921598

