=LDR  00921aam a2200193   4500
=001  8301
=008  231004s1881\\\\nl\ga|||\||||\00|\0\dut\d
=041  \\$adut
=100  \\$aHol, Richard$d1825-1904$1http://www.wikidata.org/entity/Q350845$95463$4aut
=245  \\$aDe Klavierspeler.$nTheoretische en practische handleiding
=260  \\$aUtrecht$bBeumer$c1881
=300  \\$a2 volumes (120 pages)
=648  \0$1http://www.wikidata.org/entity/Q6955$a19th Century (1801-1900)$920935
=650  \0$1http://www.wikidata.org/entity/Q2250960$aMethod$921402
=650  \0$1http://www.wikidata.org/entity/Q5994$aPiano$92127
=651  \0$aNetherlands$1http://www.wikidata.org/entity/Q55$1http://www.wikidata.org/entity/Q29999$9173
=942  \\$cBOO
=952  \\$00$10$2ddc$40$6INS_3_000000000000000_3C_HOL$70$8INS$98294$aORPH$bORPH$cKTS0$d2020-07-08$eKoopman$i22A32$l0$oINS3.3c HOL$p20125601$r2021-01-12 00:00:00$w2021-01-12$yBOO$OKoopman
=999  \\$d8301

