=LDR  01009aam a2200205   4500
=001  8305
=008  221130s1963\\\\||||||||\||||\00|\0\ger\d
=041  \\$ager
=100  \\$aHoller, K. H.$4aut$911646
=245  \\$aGiovanni Maria Bononcini's Musico prattico, in seiner Bedeutung für die musikalische Satzlehre des 17. Jahrhunderts
=260  \\$aBaden-Baden$bHeitz$c1963
=490  \\$aSammlung musikwissenschaftlicher Abhandlungen$v44
=600  \0$aBononcini, Giovanni Maria$d1642-1678$1http://www.wikidata.org/entity/Q957648$98968
=648  \0$a17th Century (1601-1700)$1http://www.wikidata.org/entity/Q7016$920923
=650  \0$aMusic theory$1http://www.wikidata.org/entity/Q193544$92662
=650  \0$aComposing$1http://www.wikidata.org/entity/Q92186587$93076
=651  \0$aItaly$1http://www.wikidata.org/entity/Q38$922
=942  \\$cBOO
=952  \\$00$10$2ddc$40$6BIO_BONO1_E$70$8BIO$98298$aORPH$bORPH$cKTS1_P$d2020-07-08$eKoopman$i33C24$oBIO BONO1 e$p20122896$r2021-01-12 00:00:00$w2021-01-12$yBOO$OKoopman
=999  \\$d8305

