=LDR  01449aam a2200277   4500
=001  8306
=008  240318s1923\\\\|||a||||\||||\00|\0\ger\d
=041  \\$ager
=100  \\$aHollweg, Walter$d1883-1974$1http://www.wikidata.org/entity/Q2544807$911647$4aut
=245  \\$aGeschichte der evangelischen Gesangbücher vom Niederrhein im 16.-18. Jahrhundert
=260  \\$aGütersloh$bBertelsmann$c1923
=300  \\$aviii-403 pages
=490  \\$aPublicationen der Gesellschaft für Rheinische Geschichtskunde$v45
=561  \\$aEx Libris B. H. lankamp v.d.m. Uelsen (stamp)
=561  \\$aEx Libris Gert Jan Buitink (manuscript)
=648  \0$a16th Century (1501-1600)$1http://www.wikidata.org/entity/Q7017$920944
=648  \0$a17th Century (1601-1700)$1http://www.wikidata.org/entity/Q7016$920923
=648  \0$a18th Century (1701-1800)$1http://www.wikidata.org/entity/Q7015$920899
=650  \0$aProtestantism$1http://www.wikidata.org/entity/Q23540$921012
=650  \0$aMusic history$1http://www.wikidata.org/entity/Q846047$921373
=650  \0$aSong$1http://www.wikidata.org/entity/Q7366$94164
=650  \0$aBook$1http://www.wikidata.org/entity/Q571$92285
=651  \0$aLower Rhine (Germany)$1http://www.wikidata.org/entity/Q445609$927171
=942  \\$cBOO
=952  \\$00$10$2ddc$40$6TOP_DE_NIE2_4_000000000000000$70$8TOP$98299$aORPH$bORPH$cKTS0$d2020-07-08$eKoopman$i25C17$l0$oTOP DE.NIE2 4$p20129239$r2021-01-12 00:00:00$w2021-01-12$yBOO$OKoopman
=999  \\$d8306

