=LDR  00422    a2200133   4500
=001  8307
=020  \\$a918517212X
=022  \\$a00772518
=100  \\$aHolm, A. L.$911648
=245  \\$aTematisk förteckning över J.H. Ro
=260  \\$c1994
=942  \\$cBOO
=952  \\$00$10$2ddc$40$6BIO_ROMA_C$70$8BIO$98300$aORPH$bORPH$cKTS1_P$d2020-07-08$eKoopman$i41E07$oBIO ROMA c$p20122105$r2021-01-12 00:00:00$w2021-01-12$yBOO$OKoopman
=999  \\$c8307$d8307

