=LDR  01193pam a2200277 a 4500
=001  8308
=005  20250715140108.0
=008  940728s1994\\\\enkg\\\\\b\\\\001\0deng\\
=020  \\$a0198163401 (acid-free paper) :$c£27.50
=020  \\$a019816341X (pbk. : acid-free paper) :$c£10.95
=040  \\$aOI
=041  \\$aeng
=100  \\$aHolman, Peter$d1946-$4aut$911649
=245  10$aHenry Purcell
=260  \\$aOxford$aNew York$bOxford University Press$c1994
=300  \\$axvii-250 pages$bmusic$c23 cm
=490  \\$aOxford Studies of Composers
=504  \\$aIncludes bibliographical references (p. 228-240) and indexes.
=600  \0$aPurcell, Henry$d1659-1695$1http://www.wikidata.org/entity/Q9695$95840
=648  \0$a17th Century (1601-1700)$1http://www.wikidata.org/entity/Q7016$920923
=650  \0$aComposer$1http://www.wikidata.org/entity/Q36834$93625
=650  \0$aBiography$1http://www.wikidata.org/entity/Q36279$91927
=651  \0$aLondon (United Kingdom)$1http://www.wikidata.org/entity/Q84$9123
=942  \\$cBOO
=952  \\$00$10$2ddc$40$6BIO_PURC1_D$70$8BIO$98301$aORPH$bORPH$cKTS1_P$d2020-07-08$eKoopman$i19B32$oBIO PURC1 d$p20125089$r2021-01-12 00:00:00$w2021-01-12$yBOO
=999  \\$d8308

