=LDR  01161cam a2200253 a 4500
=001  8309
=005  20250715140108.0
=008  921228s1993\\\\enka\\\\\b\\\\001\0\eng\\
=020  \\$a019816145X (cloth : acid-free paper) :$c£50.00
=040  \\$aOI
=041  \\$aeng
=100  \\$aHolman, Peter$d1946-$4aut$911649
=245  10$aFour and Twenty Fiddlers:$bThe Violin at the English Court, 1540-1690
=260  \\$aOxford$bClarendon$aNew York$bOxford University Press$c1993
=300  \\$axxvii-491 pages$billustrations$c24 cm
=490  \\$aOxford Monographs on Music
=504  \\$aIncludes bibliographical references (p. 447-478) and index.
=648  \0$a17th Century (1601-1700)$1http://www.wikidata.org/entity/Q7016$920923
=650  \0$aString orchestra$1http://www.wikidata.org/entity/Q1090674$92946
=650  \0$aMusic history$1http://www.wikidata.org/entity/Q846047$921373
=651  \0$aUnited Kingdom$1http://www.wikidata.org/entity/Q21$9273
=942  \\$cBOO
=952  \\$00$10$2ddc$40$6INS_4_000000000000000_1D_HOLM$70$8TOP$98302$aORPH$bORPH$cKTS0$d2020-07-08$eKoopman$i19E15$l0$oINS4.1d HOLM$p20127806$r2021-01-12 00:00:00$w2021-01-12$yBOO$OKoopman
=999  \\$d8309

