=LDR  00933cam a2200229 a 4500
=001  8310
=005  20250807161753.0
=008  890909s1988\\\\nyua\\\\\b\\\\001\0\eng\\
=020  \\$a0500014515 :$c$29.95
=040  \\$aOI
=100  \\$aHolme, Bryan$d1913-1990$911651
=245  10$aPrincely feasts and festivals :$bfive centuries of pageantry and spectacle /$cBryan Holme.
=260  \\$aNew York, N.Y. :$bThames and Hudson,$c1988.
=300  \\$a104 p. :$bchiefly ill. (some col.) ;$c31 cm.
=504  \\$aIncludes bibliographical references and index.
=650  \0$aPageants$92949
=650  \0$aProcession$1http://www.wikidata.org/entity/Q898830$92950
=651  \0$aEurope$1http://www.wikidata.org/entity/Q46$991
=650  \0$aCourt$922191
=942  \\$cBOO
=952  \\$00$10$2ddc$40$6VIS_HOLM$70$8VIS$98303$aORPH$bORPH$cKTS1_H$d2020-07-08$eKoopman$i18F08$l0$oVIS HOLM$p20127798$r2021-01-12 00:00:00$w2021-01-12$yBOO$OKoopman
=999  \\$c8310$d8310

