=LDR  01142cam a2200265 i 4500
=001  8311
=005  20250121142123.0
=008  761023s1976\\\\enkaf\\\\b\\\\001\0beng\\
=020  \\$a0904041611 :$c£5.50
=040  \\$aOI
=041  \\$aeng
=100  \\$aHolme, Timothy$4aut$911652
=245  12$aA Servant of Many masters:$bThe Life and Times of Carlo Goldoni
=260  \\$aLondon$bJupiter$c1976
=300  \\$a200 pages, [8] leaves of plates$billustrations$c25 cm
=504  \\$aBibliography: p. [195]-196.
=600  \0$aGoldoni, Carlo$d1707-1793$1http://www.wikidata.org/entity/Q165534$911653
=648  \0$a18th Century (1701-1800)$1http://www.wikidata.org/entity/Q7015$920899
=650  \0$aWriter$1http://www.wikidata.org/entity/Q36180$93885
=650  \0$aPlay (theater)$1http://www.wikidata.org/entity/Q25379$921414
=650  \0$aBiography$1http://www.wikidata.org/entity/Q36279$91927
=651  \0$aItaly$1http://www.wikidata.org/entity/Q38$922
=942  \\$cBOO
=952  \\$00$10$2ddc$40$6BIO_GOLD_D$70$8BIO$98304$aORPH$bORPH$cKTS1_P$d2020-07-08$eKoopman$i22E12$oBIO GOLD d$p20129581$r2021-01-12 00:00:00$w2021-01-12$yBOO$OKoopman
=999  \\$d8311

