=LDR  00399    a2200109   4500
=001  8325
=100  \\$aHomeros$d9th Century BC-8th Century BC$1http://www.wikidata.org/entity/Q6691$94802
=245  \\$aOdyssee
=260  \\$c1959
=942  \\$cBOO
=952  \\$00$10$2ddc$40$6LIT_HOME_A$70$8LIT$98318$aORPH$bORPH$cKM12_2_H$d2020-07-08$eKoopman$i40F11$oLIT HOME a$p20120241$r2021-01-12 00:00:00$w2021-01-12$yBOO
=999  \\$c8325$d8325

