=LDR  00397    a2200109   4500
=001  8326
=100  \\$aHomeros$d9th Century BC-8th Century BC$1http://www.wikidata.org/entity/Q6691$94802
=245  \\$aIlias
=260  \\$cs.d.
=942  \\$cBOO
=952  \\$00$10$2ddc$40$6LIT_HOME_A$70$8LIT$98319$aORPH$bORPH$cKM12_2_H$d2020-07-08$eKoopman$i40F17$oLIT HOME a$p20120237$r2021-01-12 00:00:00$w2021-01-12$yBOO
=999  \\$c8326$d8326

