=LDR  02640cam a2200385 i 4500
=001  8329
=005  20250120120304.0
=008  140311s2013\\\\ne\a\\\\\b\\\\001\0bdut\d
=010  \\$a  2014398045
=016  7\$a016565958$2Uk
=020  \\$a9789035138094
=020  \\$a9035138090
=035  \\$a(OCoLC)ocn859645938
=040  \\$aERASA$beng$cERASA$erda$dQGK$dUKMGB$dHLS$dOHX$dCDX$dDEBBG$dOCLCF$dEXC$dOCLCA$dDLC
=042  \\$alccopycat
=072  \7$aPT$2lcco
=084  \\$2rvk
=100  \\$aHonings, Rick,$d-1984$911665
=245  13$aDe gefnuikte arend :$bhet leven van Willem Bilderdijk (1756-1831) /$cRick Honings en Peter van Zonneveld ; met medewerking van Marinus van Hattum.
=264  \1$aAmsterdam :$bPrometheus · Bert Bakker,$c2013.
=300  \\$a652 pages, [16] pages of plates :$billustrations ;$c24 cm
=336  \\$atext$btxt$2rdacontent
=337  \\$aunmediated$bn$2rdamedia
=338  \\$avolume$bnc$2rdacarrier
=504  \\$aIncludes bibliographical references and index.
=520  8\$a"Willem Bilderdijk is een van de merkwaardigste mannen die ooit in ons vaderland hebben rond gelopen. Een omstreden figuur, wiens grillige levensloop bepaald werd door politieke twisten, ballingschap, miskenning, ziekte, armoede, kindersterfte en doodsverlangen, maar ook door de liefde en de waardering van een kleine schare toegewijde leerlingen. Een aartsconservatieve romanticus in woelige tijden, gefnuikt in zijn ambitie om zijn talenten volledig te ontplooien. Zijn strijd tegen de geest der eeuw bezorgde hem vele vijanden en weinig vrienden. Over één ding waren allen het echter eens: hij was een virtuoos dichter. Zijn kommervolle bestaan wordt weerspiegeld in zijn vele verzen; hij bezong alles wat los en vastzat, zelfs najaarsvliegjes en het koken van eieren inspireerden hem. Dit rijk geïllustreerde boek vertelt het verhaal van zijn leven, op grond van zijn poëzie, brieven en andere documenten."--Dust jacket.
=600  \0$aBilderdijk, Willem$d1756-1831$1http://www.wikidata.org/entity/Q1375186$94900
=650  \0$aPoet$1http://www.wikidata.org/entity/Q49757$92954
=700  \\$aZonneveld, Peter van$911667
=700  \\$aHattum, M. van$911668
=856  \\$uhttp://bvbr.bib-bvb.de:8991/F?func=service&doc_library=BVB01&local_base=BVB01&doc_number=026904445&line_number=0001&func_code=DB_RECORDS&service_type=MEDIA$zInhaltsverzeichnis
=942  \\$cBOO
=952  \\$00$10$2ddc$40$6BIO_BILD_D$70$8BIO$98322$aORPH$bORPH$cKTS1_P$d2020-07-08$eKoopman$i44F08$l0$oBIO BILD d$p20126831$r2021-01-12 00:00:00$w2021-01-12$yBOO$OKoopman
=999  \\$c8329$d8329
=651  \0$aNetherlands$1http://www.wikidata.org/entity/Q55$9173

