=LDR  01525cam a2200325 a 4500
=001  8330
=005  20250205110319.0
=008  890706s1990\\\\orua\\\\\b\\\\001\0beng\\
=020  \\$a0931340217
=040  \\$aOI
=041  1\$aeng$hger
=100  \\$aHonolka, Kurt$d1913-1988$4aut$911669
=245  10$aPapageno:$bEmanuel Schikaneder, Man of the Theater in Mozart's time
=260  \\$aPortland, OR$bAmadeus Press$c1990
=300  \\$a236 p. :$bill. ;$c24 cm.
=504  \\$a"List of works": p. 222-226.
=504  \\$aIncludes bibliographical references (p. 227-229) and index.
=590  \\$aKurt Honolka ; translated by Jane Mary Wilde ; Reinhard G. Pauly, general editor.
=600  \0$aSchikaneder, Emanuel$d1751-1812$1http://www.wikidata.org/entity/Q213547$95751
=600  \0$aMozart, Wolfgang Amadeus$d1756-1791$1http://www.wikidata.org/entity/Q254$95341
=648  \0$a18th Century (1701-1800)$1http://www.wikidata.org/entity/Q7015$920899
=648  \0$a19th Century (1801-1900)$1http://www.wikidata.org/entity/Q6955$920935
=650  \0$aBiography$1http://www.wikidata.org/entity/Q36279$91927
=650  \0$aTheater history$1http://www.wikidata.org/entity/Q1061140$94607
=651  \0$aAustria$1http://www.wikidata.org/entity/Q40$9202
=700  \\$aWilde, Mary Jane$4trl$921503
=700  \\$aPauly, Reinhard G.$4edt$99435
=942  \\$cBOO
=952  \\$00$10$2ddc$40$6BIO_SCHI2_D$70$8BIO$98323$aORPH$bORPH$cKTS1_P$d2020-07-08$eKoopman$i23E26$l0$oBIO SCHI2 d$p20128955$r2021-01-12 00:00:00$w2021-01-12$yBOO
=999  \\$c8330$d8330

