=LDR  01532cam a2200337 a 4500
=001  8331
=005  20250905114721.0
=008  010724s2001\\\\ne\ab\\\\b\\\\001\0\dut\\
=020  \\$a9065501819
=040  \\$aOI
=041  0\$adut$alat
=100  \\$aHooft, Arnout Hellemans$d1630-1680$1http://www.wikidata.org/entity/Q55915168$4aut$927387
=245  14$aEen naekt beeldt op een marmore matras seer schoon:$bhet dagboek van een 'grand tour' (1649-1651)
=260  \\$aHilversum$bVerloren$c2001
=300  \\$a231 pages$billustrations, maps$c22 cm
=490  \\$aEgodocumenten$v23
=500  \\$aErrata slip inserted.
=504  \\$aIncludes bibliographical references (p. 213-215) and indexes.
=546  \\$aDutch and Latin.
=590  \\$auitgegeven met inleiding en commentaar door E.M. Grabowsky en P.J. Verkruijsse
=600  \0$aHooft, P. C.$d1581-1647$1http://www.wikidata.org/entity/Q10914484$95139
=648  \0$a17th Century (1601-1700)$1http://www.wikidata.org/entity/Q7016$920923
=650  \0$aGrand Tour$1http://www.wikidata.org/entity/Q6682302$922994
=650  \0$aTravel$1http://www.wikidata.org/entity/Q61509$94440
=650  \0$aDiary$1http://www.wikidata.org/entity/Q185598$921711
=651  \0$aEurope$1http://www.wikidata.org/entity/Q46$991
=700  1\$aGrabowsky, E. M.$4edt
=700  1\$aVerkruijsse, P. J.$4edt
=942  \\$cBOO
=952  \\$00$10$2ddc$40$6BIO_HOOF_A$70$8BIO$98324$aORPH$bORPH$cKTS1_P$d2020-07-08$eKoopman$i31E13$l0$oBIO HOOF a$p20123219$r2021-01-12 00:00:00$w2021-01-12$yBOO$OKoopman
=999  \\$d8331

