=LDR  01880cam a2200349 p 4500
=001  8332
=005  20250905114721.0
=008  770601m19761979ne\a\\\\\b\\\\001\0adut\\
=015  \\$aNe77-11 (v. 1)
=020  \\$a9011913132 (v. 1) :$cfl 125.00 (v. 1)
=040  \\$aOI
=041  0\$adutfreitalat
=100  \\$aHooft, P. C.$d1581-1647$4aut$1http://www.wikidata.org/entity/Q10914484$95139
=245  03$aDe briefwisseling van Pieter Corneliszoon Hooft
=260  \\$aCulemborg :$bTjeenk Willink/Noorduijn,$c1976-1979.
=300  \\$a3 v. :$bill. ;$c24 cm.
=490  0\$aTeksten en studies
=500  \\$aUitg. door H. W. van Tricht; taalkundig raadsman en bewerker van de Hugeniana, F. L. Zwaan; bewerker van de humaniora, D. Kuijper Fzn; bewerker van de Italiana, F. Musarra.
=504  \\$aIncludes bibliographical references and indexes.
=505  0\$adeel 1. 1599-1630.--deel 2. 1630-1637.--deel 3. 1638-1647.
=600  \0$aHooft, P. C.$d1581-1647$1http://www.wikidata.org/entity/Q10914484$95139
=650  \0$aWriter$1http://www.wikidata.org/entity/Q36180$93885
=700  \\$aTricht, Hendrik Willem van$4edt$eEditor$911673
=700  \\$aZwaan, F. L.$4edt$eEditor$915668
=700  \\$aKuiper, D. Fzn$4edt$eEditor$920851
=700  \\$aMusarra, F.$4edt$eEditor$920852
=942  \\$cBOO$2ddc
=952  \\$00$10$2ddc$40$6BIO_HOOF_A$70$8BIO$98325$aORPH$bORPH$cKTS1_P$d2020-07-08$eKoopman$i23A10-I$l0$oBIO HOOF a$p20128476$r2021-01-12 00:00:00$w2021-01-12$yBOO
=952  \\$00$10$2ddc$40$6BIO_HOOF_A$70$8BIO$98326$aORPH$bORPH$cKTS1_P$d2020-07-08$eKoopman$i23A10-II$l0$oBIO HOOF a$p20128475$r2021-01-12 00:00:00$w2021-01-12$yBOO
=952  \\$00$10$2ddc$40$6BIO_HOOF_A$70$8BIO$98327$aORPH$bORPH$cKTS1_P$d2020-07-08$eKoopman$i23A10-III$l0$oBIO HOOF a$p20128507$r2021-01-12 00:00:00$w2021-01-12$yBOO
=999  \\$c8332$d8332
=651  \0$aNetherlands$1http://www.wikidata.org/entity/Q55$9173

