=LDR  01232cam a2200289 a 4500
=001  8335
=003  OI
=005  20250905114721.0
=008  820804s1981\\\\ne\h\\\\\b\\\\001\0cdut\\
=015  \\$aNe***
=020  \\$a9024790557 :$cfl 39.50
=040  \\$aOI
=100  \\$aHooft, P. C.$d1581-1647$4aut$1http://www.wikidata.org/entity/Q10914484$95139
=240  10$9615$aRampzaeligheden der verheffinge van den Hujze Medicis
=245  10$aRampzaeligheden der verheffinge van den Hujze Medicis
=260  \\$a's-Gravenhage :$bNijhoff,$c1981.
=300  \\$aviii, 308 p. :$bfacsims. ;$c24 cm.
=500  \\$aNaar de autograaf uitgegeven, ingeleid en toegelicht door J. de Lange.
=504  \\$aBibliography: p. 278-290.
=610  \0$aHouse of Medici$1http://www.wikidata.org/entity/Q170022$922339
=651  \0$aFlorence (Italy)$1http://www.wikidata.org/entity/Q2044$9248
=651  \0$aFlorence (Italy)$1http://www.wikidata.org/entity/Q2044$9248
=700  \\$aLange, J. de$4edt$eEditor$911675
=942  \\$cBOO$2ddc
=952  \\$00$10$2ddc$40$6LIT_HOOF_A$70$8LIT$98328$aORPH$bORPH$cKM12_2_H$d2020-07-08$eKoopman$i24D65$oLIT HOOF a$p20129059$r2021-01-12 00:00:00$w2021-01-12$yBOO
=999  \\$c8335$d8335
=490  \\$aNijhoffs Nederlandse klassieken

