=LDR  00796cam a22002292  4500
=001  8337
=003  OI
=005  20230123111244.0
=008  910612s1956\\\\ne\\\\\\\\\\\\000\0\dut\\
=040  \\$aOI
=100  1\$aHooft, P. C.$q(Pieter Corneliszoon),$d1581-1647.$4aut
=245  10$aErotische gedichten
=250  \\$a3rd rev. ed.
=260  \\$aZutphen$bThieme$c1956
=300  \\$a131 p.
=500  \\$aIngeleid en toegelicht door C. C. van Slooten
=700  \\$4edt$aSlooten, C. C. van$eEditor$920854
=700  \\$4edt$aOrnée, W. A.$eEditor$920855
=906  \\$a0$bcbc$cpremunv$du$encip$f19$gy-gencatlg
=942  \\$2ddc$cBOO
=952  \\$00$10$2ddc$40$6LIT_HOOF_A$70$8LIT$98330$aORPH$bORPH$cKM12_2_H$d2020-07-08$eKoopman$i40G31$oLIT HOOF a$p20122235$r2021-01-12 00:00:00$w2021-01-12$yBOO
=999  \\$c8337$d8337

