=LDR  00356    a2200109   4500
=001  8340
=100  \\$aHoorn, L. G. van$911678
=245  \\$aJacob Obrecht
=260  \\$c1968
=942  \\$cBOO
=952  \\$00$10$2ddc$40$6BIO_OBRE_D$70$8BIO$98333$aORPH$bORPH$cKTS1_P$d2020-07-08$eKoopman$i30B32$l0$oBIO OBRE d$p20123394$r2021-01-12 00:00:00$w2021-01-12$yBOO$OKoopman
=999  \\$c8340$d8340

