=LDR  01140aam a2200253   4500
=001  8341
=008  250429s1999\\\\|||oa|||\||||\00|\0\ger\d
=041  \\$ager
=245  \\$aAbteikirche Marienfeld.$bCampus Sanctae Mariae 1185-1985
=250  \\$a2nd Ed.
=260  \\$c1999$aMarienfeld$bKatholische Pfarrgemeinde Marienfeld
=300  \\$a49 pages
=610  \0$aMarienfeld Abbey$1http://www.wikidata.org/entity/Q1617000$940114
=610  \0$aCistercians$1http://www.wikidata.org/entity/Q166861$923733
=650  \0$aChurch$1http://www.wikidata.org/entity/Q16970$93776
=650  \0$aArchitecture$1http://www.wikidata.org/entity/Q12271$93185
=650  \0$aCatholicism$1http://www.wikidata.org/entity/Q1841$921631
=650  \0$aMonastery$1http://www.wikidata.org/entity/Q44613$926216
=651  \0$aMarienfeld (Germany)$1http://www.wikidata.org/entity/Q1897678$940113
=700  \\$aHoppe, Rudolf$4aut$911679
=700  \\$aSiemann, Pfarrer$4aut$940112
=942  \\$cBOO
=952  \\$00$10$2ddc$40$6TOP_DE_MAR3$70$8TOP$98334$aORPH$bORPH$cKTS0$d2020-07-08$eKoopman$i33E05$l0$oTOP DE.MAR3$p20122983$r2021-01-12 00:00:00$w2021-01-12$yBOO$OKoopman
=999  \\$d8341

