=LDR  01800cam a2200349 a 4500
=001  8343
=005  20250807154539.0
=008  930303s1989\\\\gw\a\\\\\b\\\\001\0dger\\
=020  \\$a3765102423
=040  \\$aOI
=041  \\$ager
=245  00$aZelenka-Dokumentation.$bQuellen und Materialien
=260  \\$aWiesbaden$bBreitkopf & Härtel$c1989
=300  \\$a2 volumes$billustrations$c31 cm
=504  \\$aIncludes bibliographical references (p. 353-359) and index.
=600  \0$aZelenka, Jan Dismas$d1679-1745$1http://www.wikidata.org/entity/Q157777$915627
=648  \0$a17th Century (1601-1700)$1http://www.wikidata.org/entity/Q7016$920923
=648  \0$a18th Century (1701-1800)$1http://www.wikidata.org/entity/Q7015$920899
=650  \0$aComposer$1http://www.wikidata.org/entity/Q36834$93625
=650  \0$aInstrumentalist$1http://www.wikidata.org/entity/Q1278335$921706
=650  \0$aDouble bass$1http://www.wikidata.org/entity/Q80019$921734
=650  \0$aBiography$1http://www.wikidata.org/entity/Q36279$91927
=651  \0$aBohemia (Czech Republic)$1http://www.wikidata.org/entity/Q39193$921054
=651  \0$aDresden (Germany)$1http://www.wikidata.org/entity/Q1731$947
=700  \\$aHorn, Wolfgang$d1956-2019$1http://www.wikidata.org/entity/Q64022815$911685$4aut
=700  \\$aKohlhase, Thomas$911686$4aut
=700  \\$aLandmann, Ortrun$911683$4edt
=700  \\$aReich, Wolfgang$d1927-2015$4edt$911684
=942  \\$cBOO
=952  \\$00$10$2ddc$3vol. 1$40$6BIO_ZELE_C$70$8BIO$98336$aORPH$bORPH$cKTS1_P$d2020-07-08$eKoopman$i20A20a$oBIO ZELE c$p20128037$r2021-01-12 00:00:00$w2021-01-12$yBOO$OKoopman
=952  \\$00$10$2ddc$3vol. 2$40$6BIO_ZELE_C$70$8BIO$98337$aORPH$bORPH$cKTS1_P$d2020-07-08$eKoopman$i20A20b$oBIO ZELE c$p20128036$r2021-01-12 00:00:00$w2021-01-12$yBOO$OKoopman
=999  \\$d8343

