=LDR  01278nam a2200289 a 4500
=001  8347
=005  20250121142123.0
=008  841102s1984\\\\ne\af\\\\b\\\\000\0\dut\\
=020  \\$a9062551874 :$cfl 79.00
=040  \\$aOI
=041  \\$adut
=245  00$aSchriftspiegel:$bNederlandse paleografische teksten van de 13de tot de 18de eeuw
=260  \\$aZutphen$bTerra$c1984
=300  \\$a39, 127 p., [127] p. of plates :$bill. ;$c32 cm.
=504  \\$aBibliography: p. 27.
=648  \0$aMiddle Ages (500-1400)$1http://www.wikidata.org/entity/Q12554$920964
=648  \0$aRenaissance (1400-1600)$1http://www.wikidata.org/entity/Q4692$920965
=648  \0$a17th Century (1601-1700)$1http://www.wikidata.org/entity/Q7016$920923
=648  \0$a18th Century (1701-1800)$1http://www.wikidata.org/entity/Q7015$920899
=650  \0$aPaleography$1http://www.wikidata.org/entity/Q179957$92960
=651  \0$aNetherlands$1http://www.wikidata.org/entity/Q55$9173
=700  \\$aHorsman, P. J.$4aut$911689
=700  \\$aPoelstra, Th. J.$4aut$911690
=700  \\$aSigmond, J. P.$4aut$911691
=942  \\$cBOO
=952  \\$00$10$2ddc$40$6BIB_3_000000000000000_NL_3$70$8BIB$98339$aORPH$bORPH$cKTS0$d2020-07-08$eKoopman$i35F08$oBIB3 NL 3$p20120684$r2021-01-12 00:00:00$w2021-01-12$yBOO
=999  \\$c8347$d8347

