=LDR  01273cam a2200277u  4500
=001  8348
=005  20250926134855.0
=008  810430s1948\\\\ne\ag\\\\\\\\\000\0\dut\\
=040  \\$aOI
=041  \\$adut
=100  \\$aHorst, Anthon van der$d1899-1965$1http://www.wikidata.org/entity/Q2952026$4aut$913064
=245  00$aBach's Hoogmis
=250  \\$a2nd ed.
=260  \\$aAmsterdam$bHolland Uitgeversmaatschappij,$c1948
=300  \\$a107 pages$billustrations, music$c28 cm$eletter
=561  \\$aContains a letter from Iskar Aribo to a certain Willem
=600  \0$aBach, Johann Sebastian$d1685-1750$1http://www.wikidata.org/entity/Q1339$94766
=648  \0$a18th Century (1701-1800)$1http://www.wikidata.org/entity/Q7015$920899
=650  \0$aH-Moll-Messe$1http://www.wikidata.org/entity/Q310549$927074
=650  \0$aChurch music$1http://www.wikidata.org/entity/Q8812109$92283
=650  \0$aCatholicism$1http://www.wikidata.org/entity/Q1841$921631
=651  \0$aSaxony (Germany)$1http://www.wikidata.org/entity/Q1202$955
=700  1\$aLeeuw, G. van der$q(Gerardus),$d1890-1950,$4aut
=942  \\$cBOO
=952  \\$00$10$40$6BIO_BACH1_E$70$8BIO$98340$aORPH$bORPH$cKTS1_P$d2020-07-08$eKoopman$i45F08$oBIO BACH1 e$p20127518$r2021-01-12 00:00:00$w2021-01-12$yBOO$OKoopman
=999  \\$d8348

