=LDR  01205aam a2200241   4500
=001  8349
=005  20251003085457.0
=008  220923s1963\\\\||||||||\c|||\00|\0\ger\d
=041  \\$ager
=100  \\$aHortschansky, Klaus$4aut$911694
=245  \\$aKatalog der Kieler Musiksammlungen:$bDie Notendrucke, Handschriften, Libretti und Bücher über Musik aus der Zeit bis 1830
=260  \\$aKassel$bBärenreiter$c1963
=300  \\$a270 pages
=490  \\$aKieler Schriften zur Musikwissenschaft$v14
=610  \0$aUniversitätsbibliothek Kiel (Germany)$1http://www.wikidata.org/entity/Q2496307$939749
=610  \0$aSchleswig-Holsteinische Landesbibliothek, Kiel (Germany)$1http://www.wikidata.org/entity/Q2239285$939750
=650  \0$aCatalogue$1http://www.wikidata.org/entity/Q2352616$921484
=650  \0$aLibrary$1http://www.wikidata.org/entity/Q7075$94229
=650  \0$aMusic history$1http://www.wikidata.org/entity/Q846047$921373
=651  \0$aGermany$1http://www.wikidata.org/entity/Q183$9155
=942  \\$cBOO
=952  \\$00$10$2ddc$40$6BIB_4_000000000000000_DE_KIE1$70$8BIB$98341$aORPH$bORPH$cKTS0$d2020-07-08$eKoopman$i35C04$l0$oBIB4 DE.KIE1$p20120752$r2021-01-12 00:00:00$w2021-01-12$yBOO$OKoopman
=999  \\$d8349

