=LDR  01091cam a2200241 a 4500
=001  8350
=005  20250120120542.0
=008  900309s1989\\\\gw\\\\\\\b\\\\001\0\ger\\
=020  \\$a3761809476
=040  \\$aOI
=041  \\$ager
=100  \\$4edt$aHortschansky, Klaus$911694
=245  00$aZeichen und Struktur in der Musik der Renaissance:$bein Symposium aus Anlass der Jahrestagung der Gesellschaft für Musikforschung, Münster (Westfalen) 1987. Bericht
=260  \\$aKassel$aNew York$bBärenreiter$c1989
=300  \\$a183 pages$c23 cm
=490  \\$aMusikwissenschaftliche Arbeiten
=504  \\$aIncludes bibliographical references (p. 159-177) and index.
=648  \0$aRenaissance (1400-1600)$1http://www.wikidata.org/entity/Q4692$920965
=650  \0$aMusical analysis$1http://www.wikidata.org/entity/Q1544924$92775
=650  \0$aMensural notation$1http://www.wikidata.org/entity/Q1920919$923455
=942  \\$cBOO
=952  \\$00$10$2ddc$40$6GHM_4_000000000000000$70$8GHM$98342$aORPH$bORPH$cKM12_1$d2020-07-08$eKoopman$i30E10$l0$oGHM4$p20123358$r2021-01-12 00:00:00$w2021-01-12$yBOO
=999  \\$d8350

