=LDR  01177cam a2200265 a 4500
=001  8351
=005  20250120120156.0
=008  880616s1987\\\\gw\a\\\\\bc\\s001\0\ger\\
=020  \\$a3887890795
=040  \\$aOI
=041  \\$ager
=245  10$aMusiker der Renaissance und des Frühbarock:$bgrafische Bildnisse aus dem Porträtarchiv Diepenbroick
=260  \\$aMünster$bLandschaftsverband Westfalen-Lippe$bWestfälisches Landesmuseum für Kunst und Kulturgeschichte$c1987
=300  \\$a96 pages$billustrations (1 color)$c23 cm
=490  \\$aBildhefte des Westfälischen Landesmuseums für Kunst und Kulturgeschichte$v26
=504  \\$aBibliography: p. 93-94.
=610  \0$aPorträtarchiv Diepenbroick$91372
=650  \0$aComposer$1http://www.wikidata.org/entity/Q36834$93625
=650  \0$aPortrait$1http://www.wikidata.org/entity/Q134307$92622
=700  \\$aHortschansky, Klaus$4aut$911694
=700  \\$aKessemeier, Siegfried$4aut$911695
=700  \\$aLütteken, Laurenz$4aut$910032
=942  \\$cBOO
=952  \\$00$10$2ddc$40$6VIS_HORT$70$8VIS$98343$aORPH$bORPH$cKTS1_H$d2020-07-08$eKoopman$i37F02$l0$oVIS HORT$p20120502$r2021-01-12 00:00:00$w2021-01-12$yBOO$OKoopman
=999  \\$d8351

