=LDR  01199cam a22002771  4500
=001  8352
=005  20250121142123.0
=008  740827s1973\\\\gw\ag\\\\b\\\\001\0bger\\
=020  \\$a387252058X
=040  \\$aOI
=041  \\$ager
=100  \\$aHortschansky, Klaus$4aut$911694
=245  10$aParodie und Entlehnung im Schaffen Christoph Willibald Glucks
=260  \\$aCologne$bVolk$c1973
=300  \\$aviii-340 pages$btables, music$c24 cm
=490  \\$aAnalecta musicologica$v13
=504  \\$aBibliography: p. [328]-333.
=600  \0$aGluck, Christoph Willibald$d1714-1787$1http://www.wikidata.org/entity/Q130759$96111
=648  \0$a18th Century (1701-1800)$1http://www.wikidata.org/entity/Q7015$920899
=650  \0$aOpera$1http://www.wikidata.org/entity/Q1344$92468
=650  \0$aContrafactum$1http://www.wikidata.org/entity/Q1783270$922210
=651  \0$aVienna (Austria)$1http://www.wikidata.org/entity/Q1741$920937
=651  \0$aParis (France)$1http://www.wikidata.org/entity/Q90$9160
=942  \\$cBOO
=952  \\$00$10$2ddc$40$6BIO_GLUC_E$70$8BIO$98344$aORPH$bORPH$cKTS1_P$d2020-07-08$eKoopman$iTS analecta 13$l0$oBIO GLUC e$p20129445$r2021-01-12 00:00:00$w2021-01-12$yBOO$OKoopman TS
=999  \\$d8352

