=LDR  00378    a2200121   4500
=001  8353
=020  \\$a9782020933841
=100  \\$aHorvat, F.$911696
=245  \\$aFigures Romanes
=260  \\$c2001
=942  \\$cBOO
=952  \\$00$10$2ddc$40$6VIS_HORV$70$8VIS$98345$aORPH$bORPH$cKTS1_H$d2020-07-08$eKoopman$i36F19$l0$oVIS HORV$p20120649$r2021-01-12 00:00:00$w2021-01-12$yBOO$OKoopman
=999  \\$c8353$d8353

