=LDR  01155aam a2200241   4500
=001  8354
=008  250513s2001\\\\||||||||\||||\00|\0dger\d
=020  \\$a9783854981572
=041  \\$ager
=245  \\$aMeine Sprache verstehet man durch die ganze Welt.$bJoseph Haydn, eine musikalische Topographie
=260  \\$aVienna$bBrandstätter$c2001
=600  \0$aHaydn, Joseph$d1732-1809$1http://www.wikidata.org/entity/Q7349$94783
=648  \0$a18th Century (1701-1800)$1http://www.wikidata.org/entity/Q7015$920899
=650  \0$aComposer$1http://www.wikidata.org/entity/Q36834$93625
=650  \0$aLegacy$1http://www.wikidata.org/entity/Q623282$922131
=651  \0$aEszterháza (Hungary)$1http://www.wikidata.org/entity/Q667208$923790
=651  \0$aVienna (Austria)$1http://www.wikidata.org/entity/Q1741$920937
=651  \0$aLondon (United Kingdom)$1http://www.wikidata.org/entity/Q84$9123
=700  \\$aHorvath, M.$4aut$911697
=700  \\$aReicher, Walter$4aut$914932
=942  \\$cBOO
=952  \\$00$10$2ddc$40$6BIO_HAYD1_E$70$8BIO$98346$aORPH$bORPH$cKTS1_P$d2020-07-08$eKoopman$i31G26$oBIO HAYD1 e$p20121008$r2021-01-12 00:00:00$w2021-01-12$yBOO$OKoopman
=999  \\$d8354

