=LDR  01407aam a2200277   4500
=001  8356
=005  20250925143258.0
=008  230510s1982\\\\|||a||||\c|||\00|\0\dut\d
=020  \\$a9066370025
=020  \\$a9789066370029
=041  \\$adut
=100  \\$aHottois, Isabelle$911699$4aut
=245  \\$aDe muziekiconografie in de handschriften van de Koninklijke Bibliotheek Albert I:$btentoonstellingscatalogus
=260  \\$c1982$aBrussel$bKoninklijke Bibliotheek Albert I
=300  \\$a179 pages + plates
=500  \\$aExhibition at the Royal Library Albert I, Brussels, from 7 July to 21 August 1982
=610  \0$1http://www.wikidata.org/entity/Q383931$aKoninklijke Bibliotheek van België / Bibliothèque royale 'Albert Ier' (Brussels, Belgium)$91442
=648  \0$1http://www.wikidata.org/entity/Q6927$a20th Century (1901-2000)$920936
=650  \0$1http://www.wikidata.org/entity/Q208145$aIconography$921259
=650  \0$1http://www.wikidata.org/entity/Q87167$aManuscript$92275
=650  \0$1http://www.wikidata.org/entity/Q464980$aExhibition$925353
=650  \0$aMusic$1http://www.wikidata.org/entity/Q638$92062
=651  \0$1http://www.wikidata.org/entity/Q239$aBrussels (Belgium)$937
=942  \\$cBOO
=952  \\$00$10$2ddc$40$6BIB_4_000000000000000_BE_BRU1$70$8BIB$98348$aORPH$bORPH$cKTS0$d2020-07-08$eKoopman$i18C02$l0$oBIB4 BE.BRU1$p20125002$r2021-01-12 00:00:00$w2021-01-12$yBOO$OKoopman
=999  \\$d8356

