=LDR  00659aam a2200169   4500
=001  8358
=008  250902s1946\\\\||||||||\||||\00|\0\dut\d
=041  \\$adut
=100  \\$aHouten, E. van$911701$4aut
=245  \\$aAmsterdamsche merkwaardigheden
=260  \\$aAmsterdam$bde Lange$c1946
=490  \\$aHeemschutserie$v14
=650  \0$aCultural history$1http://www.wikidata.org/entity/Q858517$922395
=651  \0$aAmsterdam (Netherlands)$1http://www.wikidata.org/entity/Q727$9135
=942  \\$cBOO
=952  \\$00$10$2ddc$40$6TOP_NL_AMS$70$8TOP$98350$aORPH$bORPH$cKTS0$d2020-07-08$eKoopman$i43G19$l0$oTOP NL.AMS$p20126788$r2021-01-12 00:00:00$w2021-01-12$yBOO$OKoopman
=999  \\$d8358

