=LDR  00908nam a2200205 a 4500
=001  8360
=005  20250926134855.0
=008  850529s1985\\\\ne\a\\\\\\\\\\000\0\dut\\
=020  \\$a9060113381 :$cfl 49.50
=040  \\$aOI
=041  0\$adut$bengfreger
=100  \\$aHouten, Kees van$d1940- $911703
=245  10$aBach en het getal :$been onderzoek naar de getallensymboliek en de esoterische achtergronden hiervan in het werk van Johann Sebastian Bach /$cKees van Houten en Marinus Kasbergen.
=260  \\$aZutphen :$bWalburg Pers,$cc1985.
=300  \\$a216 p. :$bill. ;$c25 cm.
=600  \0$aBach, Johann Sebastian$d1685-1750$1http://www.wikidata.org/entity/Q1339$94766
=700  \\$aKasbergen, Marinus,$d-1936$911704
=942  \\$cBOO
=952  \\$00$10$40$6BIO_BACH1_E$70$8BIO$98352$aORPH$bORPH$cKTS1_P$d2020-07-08$eKoopman$i32A32$oBIO BACH1 e$p20122968$r2021-01-12 00:00:00$w2021-01-12$yBOO$OKoopman
=999  \\$c8360$d8360

