=LDR  01033aam a2200229   4500
=001  8362
=005  20250926134855.0
=008  250203s2002\\\\||||||||\||||\00|\0\dut\d
=020  \\$a9080414158
=041  \\$adut
=100  \\$aHouten, Kees van$d1940- $911703$4aut
=245  \\$aVan Taal tot Klank "... propter magnam gloriam tuam":$bDe Hohe Messe van Johann Sebastian Bach
=260  \\$aBoxtel$c2002
=600  \0$aBach, Johann Sebastian$d1685-1750$1http://www.wikidata.org/entity/Q1339$94766
=648  \0$a20th Century (1901-2000)$1http://www.wikidata.org/entity/Q6927$920936
=650  \0$aH-Moll-Messe$1http://www.wikidata.org/entity/Q310549$927074
=650  \0$aMass$1http://www.wikidata.org/entity/Q217295$92735
=650  \0$aCatholicism$1http://www.wikidata.org/entity/Q1841$921631
=651  \0$aGermany$1http://www.wikidata.org/entity/Q183$9155
=942  \\$cBOO
=952  \\$00$10$2ddc$40$6BIO_BACH1_E$70$8BIO$98354$aORPH$bORPH$cKTS1_P$d2020-07-08$eKoopman$i42F01$oBIO BACH1 e$p20122013$r2021-01-12 00:00:00$w2021-01-12$yBOO
=999  \\$d8362

