=LDR  01058aam a2200217   4500
=001  8363
=008  230531s2011\\\\||||||||\||||\00|\0\dut\d
=020  \\$a9789080414105
=041  \\$adut
=100  \\$aHouten, Kees van$d1940- $911703$4aut
=245  \\$aDie Kunst der Fuge Johann Sebastian Bach, een pythagoreïsch raadsel.$bContrapunctus 14: De onvoltooide fuga, reconstructie en voltooiing
=260  \\$aBoxtel$c2011
=600  \0$1http://www.wikidata.org/entity/Q10261$aPythagoras$dfl. 6th century BC$921682
=648  \0$1http://www.wikidata.org/entity/Q7015$a18th Century (1701-1800)$920899
=650  \0$1http://www.wikidata.org/entity/Q465878$aKunst der Fuge$923640
=650  \0$1http://www.wikidata.org/entity/Q131505$aEsotericism$925902
=650  \0$1http://www.wikidata.org/entity/Q395$aMathematics$922612
=651  \0$1http://www.wikidata.org/entity/Q183$aGermany$9155
=942  \\$cBOO
=952  \\$00$10$2ddc$40$6BIO_BACH1_E$70$8BIO$98355$aORPH$bORPH$cKTS1_P$d2020-07-08$eKoopman$i42F02$oBIO BACH1 e$p20122012$r2021-01-12 00:00:00$w2021-01-12$yBOO
=999  \\$d8363

