=LDR  01060aam a2200205   4500
=001  8365
=008  250618s1953\\\\||||||||\||||\00|\0ddut\d
=041  \\$adut
=100  \\$aHoutzager, E.$911706$4aut
=245  \\$aNederlandse architectuurschilders 1600-1900.$bCentraal Museum Utrecht 28 juni-28 september 1953
=260  \\$aUtrecht$bCentraal Museum$c1953
=648  \0$a17th Century (1601-1700)$1http://www.wikidata.org/entity/Q7016$920923
=648  \0$a18th Century (1701-1800)$1http://www.wikidata.org/entity/Q7015$920899
=648  \0$a19th Century (1801-1900)$1http://www.wikidata.org/entity/Q6955$920935
=650  \0$aArchitecture$1http://www.wikidata.org/entity/Q12271$93185
=650  \0$aApplied arts$1http://www.wikidata.org/entity/Q2865882$921627
=651  \0$aNetherlands$1http://www.wikidata.org/entity/Q55$1http://www.wikidata.org/entity/Q29999$9173
=942  \\$cBOO
=952  \\$00$10$2ddc$40$6TOP_NL_5_000000000000000$70$8TOP$98357$aORPH$bORPH$cKTS0$d2020-07-08$eKoopman$i45D10$l0$oTOP NL 5$p20127320$r2021-01-12 00:00:00$w2021-01-12$yBOO$OKoopman
=999  \\$d8365

