=LDR  00852    a2200205   4500
=001  8368
=008  221003s1966\\\\nl\f||||\||||\00|\0\dut\d
=041  \\$adut
=100  \\$aHoving, M.$4aut$911709
=245  \\$aHet orgel in Nederland
=260  \\$c1966$aAmsterdam$bDe Lange
=300  \\$a152 pages
=648  \0$a18th Century (1701-1800)$1http://www.wikidata.org/entity/Q7015$920899
=648  \0$aPast$1http://www.wikidata.org/entity/Q192630$922196
=650  \0$aOrgan$1http://www.wikidata.org/entity/Q1444$92810
=650  \0$aMusic history$1http://www.wikidata.org/entity/Q846047$921373
=651  \0$aNetherlands$1http://www.wikidata.org/entity/Q55$9173
=942  \\$cBOO
=952  \\$00$10$2ddc$40$6INS_3_000000000000000_1A_NL$70$8INS$98360$aORPH$bORPH$cKTS0$d2020-07-08$eKoopman$l0$oINS3.1a NL$p20126921$r2021-01-12 00:00:00$w2021-01-12$yBOO$OKoopman
=999  \\$d8368

