=LDR  01115cam a2200253 p 4500
=001  8370
=005  20250120120033.0
=008  790806s1978\\\\ne\a\\\\\b\\\\001\0adut\\
=020  \\$a9060110757 :$cfl 18.50
=040  \\$aOI
=041  0\$adut$bfre
=100  \\$aMuhl, Jacob$d1715-1787$4aut$1http://www.wikidata.org/entity/Q97464774$911712
=245  14$aEen Amsterdammer naar Parijs in 1778: reisverslag van de koopman Jacob Muhl
=260  \\$aZutphen$bWalburg$c1978
=300  \\$a64 p. :$bwith ill. ;$c24 cm.
=490  \\$aDe Nederlandse Verlichting in teksten en studies$v1
=504  \\$aIncludes bibliographical references and index.
=590  \\$aJubileumuitg. van de Werkgroep 18e eeuw bij het tienjarig bestaan
=600  \0$aMuhl, Jacob$d1715-1787$1http://www.wikidata.org/entity/Q97464774$911712
=651  \0$aParis (France)$1http://www.wikidata.org/entity/Q90$9160
=700  \\$aHöweler, H. A.$4edt$eEditor$911713
=942  \\$cBOO
=952  \\$00$10$2ddc$40$6BIO_MUHL_A$70$8BIO$98362$aORPH$bORPH$cKTS1_P$d2020-07-08$eKoopman$i18C15$l0$oBIO MUHL a$p20127087$r2021-01-12 00:00:00$w2021-01-12$yBOO
=999  \\$c8370$d8370

