=LDR  00888aam a2200193   4500
=001  8371
=008  230220s1949\\\\||||||||\||||\00|\0ddut\d
=041  \\$adut
=100  \\$aHöweler, H. A.$4aut$911714
=245  \\$aArchivalia betreffende Aagje Deken, Betje Wolff en personen uit haar kring
=260  \\$aAmsterdam$bde Bussy$c1949
=600  \0$aDeken, Aagje$d1741-1804$1http://www.wikidata.org/entity/Q255601$95922
=648  \0$a18th Century (1701-1800)$1http://www.wikidata.org/entity/Q7015$920899
=650  \0$aWriter$1http://www.wikidata.org/entity/Q36180$93885
=650  \0$aFemale$1http://www.wikidata.org/entity/Q6581072$921764
=651  \0$aNetherlands$1http://www.wikidata.org/entity/Q55$9173
=942  \\$cBOO
=952  \\$00$10$2ddc$40$6BIO_WOLF3_B$70$8BIO$98363$aORPH$bORPH$cKTS1_P$d2020-07-08$eKoopman$i33G44$oBIO WOLF3 b$p20122666$r2021-01-12 00:00:00$w2021-01-12$yBOO$OKoopman
=999  \\$d8371

