=LDR  01339cam a22002654a 4500
=001  8376
=008  030919s2003\\\\gw\ag\\\\b\\\\001\0dger\c
=041  \\$ager
=100  \\$aHuber, Herbert$911718$4aut
=245  10$aMusikpflege am Fuggerhof Babenhausen (1554-1836)
=260  \\$aAugsburg$bWissner$c2003
=300  \\$a240 pages$billustrations, music$c24 cm
=490  \\$aMaterialien zur Geschichte der Fugger$v3
=504  \\$aIncludes bibliographical references (p. 226-230) and index.
=610  \0$aFugger family$1http://www.wikidata.org/entity/Q155834$922331
=648  \0$1http://www.wikidata.org/entity/Q7017$a16th Century (1501-1600)$920944
=648  \0$1http://www.wikidata.org/entity/Q7016$a17th Century (1601-1700)$920923
=648  \0$1http://www.wikidata.org/entity/Q7015$a18th Century (1701-1800)$920899
=648  \0$1http://www.wikidata.org/entity/Q6955$a19th Century (1801-1900)$920935
=650  \0$aMusic history$1http://www.wikidata.org/entity/Q846047$921373
=650  \0$aCourt$1http://www.wikidata.org/entity/Q1134237$922191
=651  \0$aBabenhausen (Germany)$1http://www.wikidata.org/entity/Q516552$926424
=942  \\$cBOO
=952  \\$00$10$2ddc$40$6TOP_DE_BAB_4_000000000000000$70$8TOP$98368$aORPH$bORPH$cKTS0$d2020-07-08$eKoopman$i44B31$l0$oTOP DE.BAB 4$p20126682$r2021-01-12 00:00:00$w2021-01-12$yBOO$OKoopman
=999  \\$d8376

