=LDR  00991cam a2200253 a 4500
=001  8377
=005  20251003085457.0
=008  900403s1989\\\\gw\\\\\\\c\\\\001\0\ger\\
=020  \\$a3795905257
=041  \\$ager
=245  10$aVerzeichnis sämtlicher Musikinstrumente im Germanischen Nationalmuseum Nürnberg
=260  \\$aWilhelmshaven$bNoetzel$c1989
=300  \\$a415 pages
=490  \\$aTaschenbücher zur Musikwissenschaft
=500  \\$aIncludes indexes
=561  \\$aEx Libris Ton Koopman
=610  20$aGermanisches Nationalmuseum Nürnberg
=650  \0$aCatalogue$1http://www.wikidata.org/entity/Q2352616$921484
=651  \0$aGermany$1http://www.wikidata.org/entity/Q183$9155
=651  \0$aNuremberg (Germany)$1http://www.wikidata.org/entity/Q2090$921596
=700  \\$4aut$aHuber, Renate$922426
=942  \\$cBOO
=952  \\$00$10$2ddc$40$6INS_1B_DE_NUR1$70$8INS$98369$aORPH$bORPH$cKTS0$d2020-07-08$eKoopman$i22F06$oINS1b DE.NUR1$p20128855$r2021-01-12 00:00:00$w2021-01-12$yBOO
=999  \\$d8377

