=LDR  01196aam a2200277   4500
=001  8378
=005  20250925143258.0
=008  230524s1995\\\\|||oa|||\||||\00|\0\ger\d
=020  \\$a3356006266
=041  \\$ager
=100  1\$aHübner, Manfred$4aut$926235
=245  \\$aDer Dom zu Freiberg $bin Sachsen
=260  \\$aRostock$bHinstorff$c1995
=300  \\$a75 pages
=610  \0$aDom (Freiberg, Germany)$1http://www.wikidata.org/entity/Q592392$922940
=648  \0$aMiddle Ages (500-1400)$1http://www.wikidata.org/entity/Q12554$920964
=648  \0$a20th Century (1901-2000)$1http://www.wikidata.org/entity/Q6927$920936
=650  \0$1http://www.wikidata.org/entity/Q16970$aChurch$93776
=650  \0$aArchitecture$1http://www.wikidata.org/entity/Q12271$93185
=650  \0$aInterior design$1http://www.wikidata.org/entity/Q179232$921367
=651  \0$1http://www.wikidata.org/entity/Q14819$aFreiberg (Germany)$922938
=700  \\$aKnopfe, Michael$4pht$940032
=700  \\$aKnopfe, Sighild$4pht$940033
=942  \\$cBOO
=952  \\$00$10$2ddc$40$6TOP_DE_FRE2$70$8TOP$98370$aORPH$bORPH$cKTS0$d2020-07-08$eKoopman$i24E05$l0$oTOP DE.FRE2$p20125946$r2021-01-12 00:00:00$w2021-01-12$yBOO$OKoopman
=999  \\$d8378

