=LDR  01677cam a22003374a 4500
=001  8379
=005  20250926134855.0
=008  041029s2004\\\\gw\a\\\\\b\\\\001\0bger\\
=020  \\$a3374022081
=040  \\$aOI
=041  \\$ager
=245  00$aAnna Magdalena Bach:$bein Leben in Dokumenten und Bildern
=260  \\$aLeipzig$bEvangelische Verlagsanstalt$c2004
=300  \\$a155 pages$billustrations (some color)$c22 cm
=490  \\$aEdition Bach-Archiv Leipzig
=504  \\$aIncludes bibliographical references (p. 141-145) and index.
=590  \\$azusammengestellt und erläutert von Maria Hübner ; mit einem biographischen Essay von Hans-Joachim Schulze.
=600  \0$aBach, Anna Magdalena$d1701-1760$1http://www.wikidata.org/entity/Q57212$911721
=600  \0$aBach, Johann Sebastian$d1685-1750$1http://www.wikidata.org/entity/Q1339$94766
=610  \0$aBach family$1http://www.wikidata.org/entity/Q169509$922324
=648  \0$a18th Century (1701-1800)$1http://www.wikidata.org/entity/Q7015$920899
=650  \0$aComposer$1http://www.wikidata.org/entity/Q36834$93625
=650  \0$aFemale$1http://www.wikidata.org/entity/Q6581072$921764
=650  \0$aBiography$1http://www.wikidata.org/entity/Q36279$91927
=650  \0$aIconography$1http://www.wikidata.org/entity/Q208145$921259
=651  \0$aGermany$1http://www.wikidata.org/entity/Q183$9155
=700  \\$aHübner, Maria$4edt$911724
=700  \\$aSchulze, Hans-Joachim$d1934-$1http://www.wikidata.org/entity/Q92055$4ctb$911725
=942  \\$cBOO
=952  \\$00$10$2ddc$40$6BIO_BACH4_B$70$8BIO$98371$aORPH$bORPH$cKTS1_P$d2020-07-08$eKoopman$i33F20$oBIO BACH4 b$p20120898$r2021-01-12 00:00:00$w2021-01-12$yBOO
=999  \\$d8379

