=LDR  00354    a2200109   4500
=001  8380
=100  \\$aHübner, Maria$911724
=245  \\$aBach in Mühlhausen
=260  \\$c2007
=942  \\$cBOO
=952  \\$00$10$40$6BIO_BACH1_E$70$8BIO$98372$aORPH$bORPH$cKTS1_P$d2020-07-08$eKoopman$i35D16$oBIO BACH1 e$p20120707$r2021-01-12 00:00:00$w2021-01-12$yBOO$OKoopman
=999  \\$c8380$d8380

