=LDR  00635    a2200181   4500
=001  8382
=008  220825s2010\\\\|||o||||\||||\00|\0\fre\d
=020  \\$a9782737350801
=041  \\$afre
=245  \\$aSur les chemins de Compostelle
=260  \\$aRennes$bOuest-France$c1999
=300  \\$a254 pages
=650  \0$aPilgrimage$1http://www.wikidata.org/entity/Q1644573$924755
=700  \\$4aut$aHuchet, Patrick$911727
=700  \\$4aut$aBoëlle, Yvon$924754
=942  \\$cBOO
=952  \\$00$10$2ddc$40$6HUM_HUCH$70$8HUM$98374$aORPH$bORPH$cKTS1_P$d2020-07-08$eKoopman$i43F09$l0$oHUM HUCH$p20126472$r2021-01-12 00:00:00$w2021-01-12$yBOO$OKoopman
=999  \\$d8382

