=LDR  00691nam a2200193Ia 4500
=001  8383
=008  230131s1965\\\\\\\\\\\\\\\\\\\\\\0\ger
=041  \\$ager
=100  \\$aHucke, Helmut$4edt$910519
=245  \0$aStudien zur italienisch-deutschen Musikgeschichte$nII
=260  \\$aCologne$bBöhlau$c1965
=300  \\$a228 pages
=490  \\$aAnalecta musicologica$v2
=650  \0$aMusic history$1http://www.wikidata.org/entity/Q846047$921373
=651  \0$aItaly$1http://www.wikidata.org/entity/Q38$922
=651  \0$aGermany$1http://www.wikidata.org/entity/Q183$9155
=942  \\$cBOO
=952  \\$00$10$2ddc$40$6TOP_IT$70$8TOP$98375$aORPH$bORPH$cKTS0$d2020-07-08$eKoopman$oTOP IT$p20129435$yBOO
=999  \\$d8383

