=LDR  00369    a2200109   4500
=001  8385
=100  \\$aHudson, Frederick$911729
=245  \\$aSechs Concerti Grossi opus 3
=260  \\$c1963
=942  \\$cBOO
=952  \\$00$10$2ddc$40$6BIO_HAND_E$70$8BIO$98377$aORPH$bORPH$cKTS1_P$d2020-07-08$eKoopman$i32E26$oBIO HAND e$p20122841$r2021-01-12 00:00:00$w2021-01-12$yBOO$OKoopman
=999  \\$c8385$d8385

