=LDR  01085aam a2200217   4500
=001  8389
=005  20251003085457.0
=008  230329s1953\\\\||||||||\c|||\00|\0\eng\d
=041  \\$aeng
=100  \\$aHughes, Dom Anselm$d1889-1974$4edt$1http://www.wikidata.org/entity/Q52156660$919232
=245  \\$aCatalogue of the Musical Manuscripts at Peterhouse, Cambridge
=260  \\$c1953$aCambridge$bUniversity Press
=300  \\$a76 pages
=500  \\$aContains some modern transcriptions of the music described: Thomas Wilson: Christ Rising again, and Robert Ramsey, O Sapientia.
=650  \0$aCatalogue$1http://www.wikidata.org/entity/Q2352616$921484
=650  \0$aManuscript$1http://www.wikidata.org/entity/Q87167$92275
=650  \0$aMusic history$1http://www.wikidata.org/entity/Q846047$921373
=651  \0$aCambridge (United Kingdom)$1http://www.wikidata.org/entity/Q350$924595
=942  \\$cBOO
=952  \\$00$10$2ddc$40$6BIB_4_000000000000000_GB_CAM$70$8BIB$98381$aORPH$bORPH$cKTS0$d2020-07-08$eKoopman$i42F30$l0$oBIB4 GB.CAM$p20121985$r2021-01-12 00:00:00$w2021-01-12$yBOO$OKoopman
=999  \\$d8389

