=LDR  01252cam a2200277 a 4500
=001  8391
=005  20250120120140.0
=008  900418s1989\\\\ne\a\\\\\\\\\\000\0\dut\\
=020  \\$a9060116313 :$cfl 49.50
=040  \\$aOI
=041  0\$adut
=100  \\$aHuisken, Jacobine E.$911734$4aut
=245  11$a's Konings Paleis op den Dam:$bhet Koninklijk Paleis op de Dam historisch gezien = The Royal Palace on the Dam in a Historical View
=260  \\$aZutphen$bDe Walburg Pers$c1989
=300  \\$a152 pages$billustrations (some color)$c29 cm
=504  \\$aIncludes bibliographical references (p. 151-152).
=590  \\$aJacobine E. Huisken ; engelse vertaling Rollin Cochrane.
=600  \0$aCampen, Jacob van$d1595-1657$1http://www.wikidata.org/entity/Q536951$913103
=648  \0$a17th Century (1601-1700)$1http://www.wikidata.org/entity/Q7016$920923
=650  \0$aArchitecture$1http://www.wikidata.org/entity/Q12271$93185
=650  \0$aCourt$922191
=651  \0$aAmsterdam (Netherlands)$9189
=700  \\$4trl$925661$aCochrane, Rollin
=942  \\$cBOO
=952  \\$00$10$2ddc$40$6TOP_NL_AMS_5_000000000000000$70$8TOP$98383$aORPH$bORPH$cKTS0$d2020-07-08$eKoopman$i29F26$l0$oTOP NL.AMS 5$p20121256$r2021-01-12 00:00:00$w2021-01-12$yBOO$OKoopman
=999  \\$d8391

