=LDR  00754aam a2200169   4500
=001  8392
=008  231011s1955\\\\||||||||\d|||\00|\0\dut\d
=041  \\$adut
=100  \\$aHuizinga, A.$911735$4aut
=245  \\$aEncyclopedie van namen:$bEen vraagbaak over de afkomst van onze Nederlandse en Vlaamse familie- en geslachtsnamen
=260  \\$aAmsterdam$bStrengholt$c1955
=650  \0$aDictionary$1http://www.wikidata.org/entity/Q23622$921580
=651  \0$aNetherlands$1http://www.wikidata.org/entity/Q55$9173
=651  \0$aBelgium$1http://www.wikidata.org/entity/Q31$920881
=942  \\$cBOO
=952  \\$00$10$2ddc$40$6SCI_HUIZREF1$70$8SCI$98384$aORPH$bORPH$cKM12_1$d2020-07-08$eKoopman$i44E18$l0$oSCI HUIZ-->REF1$p20126580$r2021-01-12 00:00:00$w2021-01-12$yBOO
=999  \\$d8392

