=LDR  00964aam a2200193   4500
=001  8393
=008  250423s1941\\\\||||||||\||||\00|\0\dut\d
=041  \\$adut
=100  \\$aHuizinga, Johan$d1872-1945$1http://www.wikidata.org/entity/Q276280$911737$4aut
=245  \\$aNederland's beschaving in de zeventiende eeuw
=260  \\$aHaarlem$bTjeenk Willink$c1941
=561  \\$aEx libris W. Romijn
=585  \\$aDisplayed as part of the 'Game On' exhibition during Erfgoeddag on 27 April 2025
=648  \0$a17th Century (1601-1700)$1http://www.wikidata.org/entity/Q7016$920923
=650  \0$aCultural history$1http://www.wikidata.org/entity/Q858517$922395
=651  \0$aNetherlands$1http://www.wikidata.org/entity/Q55$1http://www.wikidata.org/entity/Q29999$9173
=942  \\$cBOO
=952  \\$00$10$2ddc$40$6TOP_NL_5_000000000000000$70$8TOP$98385$aORPH$bORPH$cKTS0$d2020-07-08$eKoopman$i41D16$l1$oTOP NL 5$p20120155$r2025-07-09 10:57:03$s2025-04-23$w2021-01-12$yBOO$OKoopman
=999  \\$d8393

