=LDR  00966aam a2200205   4500
=001  8394
=008  210819s1957\\\\||||||||\||||\00|\0\dut\d
=041  \\$adut
=100  \\$aHuizinga, Johan$d1872-1945$4aut$1http://www.wikidata.org/entity/Q276280$911737
=245  \\$aHerfsttij der Middeleeuwen:$bstudie over levens- en gedachtenvormen der veertiende en vijftiende eeuw in Frankrijk en de Nederlanden
=250  \\$a9th ed.
=260  \\$aHaarlem$bTjeenk Willink$c1957
=300  \\$a408 pages
=534  \\$aOriginally published in 1919
=585  \\$aDisplayed as part of the 'Game On' exhibition during Erfgoeddag on 27 April 2025
=648  \0$aMiddle Ages (500-1400)$1http://www.wikidata.org/entity/Q12554$920964
=650  \0$aHistory$1http://www.wikidata.org/entity/Q309$921403
=942  \\$cBOO
=952  \\$00$10$2ddc$40$6HUM_HUIZ$70$8HUM$98386$aORPH$bORPH$cKM12_1$d2020-07-08$eKoopman$i45D33$l3$oHUM HUIZ$p20127296$r2025-07-09 13:14:31$s2025-05-05$w2021-01-12$yBOO
=999  \\$d8394

