=LDR  01827cam a2200349 a 4500
=001  8395
=005  20250925143258.0
=008  900604m19899999ne\a\\\\\b\\\\001\0adut\\
=020  \\$a9021836939
=040  \\$aOI
=041  0\$adut
=100  \\$aHuizinga, Johan$d1872-1945$4aut$1http://www.wikidata.org/entity/Q276280$911737
=245  10$aBriefwisseling
=260  \\$aVeen$bTjeenk Willink$bSijthof$c1989-91
=300  \\$a3 volumes$billustrations$c25 cm
=500  \\$aVolume 1 lacks original dust jacket
=504  \\$aIncludes bibliographical references and index.
=505  1\$aContents: 1. 1894-1924 -- 2. 1925-1933 -- 3. 1934-1945
=585  \\$aDisplayed as part of the 'Game On' exhibition during Erfgoeddag on 27 April 2025
=648  \0$a19th Century (1801-1900)$1http://www.wikidata.org/entity/Q6955$920935
=648  \0$a20th Century (1901-2000)$1http://www.wikidata.org/entity/Q6927$920936
=650  \0$aCorrespondence$1http://www.wikidata.org/entity/Q1784733$921392
=650  \0$aCultural history$1http://www.wikidata.org/entity/Q858517$922395
=651  \0$aNetherlands$1http://www.wikidata.org/entity/Q55$9173
=700  \\$aHanssen, Léon$4edt$911738
=700  \\$aKrul, Wessel$4edt$917324
=700  \\$aLem, Anton van der$4edt$911740
=942  \\$cBOO
=952  \\$00$10$2ddc$3I$40$6BIO_HUIZ_A$70$8BIO$98387$aORPH$bORPH$cKTS1_P$d2020-07-08$eKoopman$i46A11-2$l1$oBIO HUIZ a$p20127588$r2025-07-09 10:55:31$s2025-04-23$w2021-01-12$yBOO
=952  \\$00$10$2ddc$3II$40$6BIO_HUIZ_A$70$8BIO$98388$aORPH$bORPH$cKTS1_P$d2020-07-08$eKoopman$i46A11-2$l1$oBIO HUIZ a$p20127587$r2025-07-09 10:55:26$s2025-04-23$w2021-01-12$yBOO
=952  \\$00$10$2ddc$3III$40$6BIO_HUIZ_A$70$8BIO$98389$aORPH$bORPH$cKTS1_P$d2020-07-08$eKoopman$i46A11-3$l1$oBIO HUIZ a$p20127586$r2025-07-09 10:55:20$s2025-04-23$w2021-01-12$yBOO
=999  \\$d8395

