=LDR  01616aam a2200205   4500
=001  8398
=008  210713s1952\\\\\\\|||||\||||\00|\0\dut\d
=041  \\$adut
=100  \\$aHuizinga, Johan$d1872-1945$4aut$1http://www.wikidata.org/entity/Q276280$911737
=245  \\$aHomo ludens:$bproeve eener bepaling van het spel-element der cultuur
=250  \\$a4th ed.
=260  \\$aHaarlem$bTjeenk Willink$c1952
=300  \\$a219 pages
=520  \\$aIn Homo Ludens, Johan Huizinga defines play as the central activity in flourishing societies. He identifies five characteristics of play: it is free; it is not “ordinary” or “real” life; it is distinct from “ordinary” life both as to locality and duration; it creates order; it is connected with no material interest, and from it no profit can be gained.

With cross-cultural examples from the humanities, business, and politics, Huizinga examines play in all its diverse guises—as it relates to language, law, war, knowledge, poetry, myth, philosophy, art, and much more. As he writes, “Civilization is, in its earliest phases, played. It does not come from play like a baby detaching itself from the womb: it arises in and as play, and never leaves it.”
=534  \\$aOriginally published in 1938
=585  \\$aDisplayed as part of the 'Game On' exhibition during Erfgoeddag on 27 April 2025
=650  \0$aPhilosophy$1http://www.wikidata.org/entity/Q5891$92357
=942  \\$cBOO
=952  \\$00$10$2ddc$40$6PHI_HUIZ_A$70$8PHI$98390$aORPH$bORPH$cKM12_3_2$d2020-07-08$eKoopman$i46C08$l2$oPHI HUIZ a$p20127656$r2025-07-09 10:58:55$s2025-05-05$w2021-01-12$yBOO
=999  \\$d8398

