=LDR  00991aam a2200217   4500
=001  8399
=008  250423s1978\\\\||||||||\||||\00|\0bdut\d
=020  \\$a9062620612
=041  \\$adut
=100  \\$aHuizinga, Jakob Herman$911741$4aut
=245  \\$aSt. Jean Jacques Rousseau:$bDe Mens, de Schrijver en de Mythe
=260  \\$aNieuwkoop$bHeureka$c1976
=600  \0$aRousseau, Jean-Jacques$d1712-1778$1http://www.wikidata.org/entity/Q6527$95214
=648  \0$a18th Century (1701-1800)$1http://www.wikidata.org/entity/Q7015$920899
=650  \0$aPhilosopher$1http://www.wikidata.org/entity/Q4964182$926399
=650  \0$aBiography$1http://www.wikidata.org/entity/Q36279$91927
=651  \0$aSwitzerland$1http://www.wikidata.org/entity/Q39$920954
=651  \0$aFrance$1http://www.wikidata.org/entity/Q142$9131
=942  \\$cBOO
=952  \\$00$10$2ddc$40$6BIO_ROUS1_D$70$8BIO$98391$aORPH$bORPH$cKTS1_P$d2020-07-08$eKoopman$i24F29$oBIO ROUS1 d$p20125856$r2021-01-12 00:00:00$w2021-01-12$yBOO$OKoopman
=999  \\$d8399

