=LDR  01189nam a2200265 i 4500
=001  8403
=008  770912s1976\\\\gw\a\\\\\b\\\\000\0bger\\
=041  \\$ager
=050  00$aML424.R55$bH8
=082  00$a786.2/21/0924$aB
=100  \\$aHummel, Jörg-Dieter$4aut$921209
=245  00$aFriderich Ring.$bDer vergessene Instrumentenbauer aus dem Elsass und sein Clavicymbal von 1700
=260  \\$aAugsburg$bHimmer$c1976
=300  \\$a76 pages$bill. $c25 cm.
=504  \\$aIncludes bibliographical references.
=590  \\$aJörg-Dieter Hummel, mit Beitr. von Marc Schaefer, Martin Scholz u.e. Geleitw. von Wilhelm Kempff.
=600  \0$aRing, Friderich Dominik$d1726-1809$921212
=648  \0$a18th Century (1701-1800)$1http://www.wikidata.org/entity/Q7015$920899
=650  \0$aOrganology$1http://www.wikidata.org/entity/Q899293$921400
=650  \0$aHarpsichord$1http://www.wikidata.org/entity/Q81982$92125
=700  \\$aSchaefer, Marc$4aut$921210
=700  \\$aScholz, Martin$4aut$921211
=942  \\$cBOO
=952  \\$00$10$2ddc$40$6INS_3_000000000000000_2B_RING$70$8INS$98395$aORPH$bORPH$cKTS0$d2020-07-08$eKoopman$i46D06$l0$oINS3.2b RING$p20127701$r2021-01-12 00:00:00$w2021-01-12$yBOO
=999  \\$d8403

