=LDR  02874ccm a2200445 a 4500
=001  8404
=005  20250205110319.0
=008  040317s2003\\\\wiuova\\\behi\\n\\\\eng\d
=020  \\$a0895795191
=024  3\$a9780895795199
=040  \\$aSFR$cSFR$dGMJ$dOCLCQ$dXFF$dMUQ$dOCLCQ$dDLC
=041  0\$geng
=059  \\$apf fl vn vc
=100  \\$4arr$aHummel, Johann Nepomuk$d1778-1837$1http://www.wikidata.org/entity/Q151953$911746
=245  00$aTwelve Select Overtures Arranged for Pianoforte, Flute, Violin and Violoncello
=246  30$aSelect overtures
=260  \\$aMiddleton, WI$bA-R Editions$c2003
=300  \\$a1 score (xii, 289 p.) :$bfacsims. ;$c31 cm.
=490  1\$aRecent Researches in the Music of the Nineteenth and Early Twentieth Centuries$x0193-5364$v35
=504  \\$aIncludes bibliographical references.
=505  0\$aOverture to Prometheus / Ludwig van Beethoven -- Overture to Die Zauberflöte / Wolfgang Amadeus Mozart -- Overture to Lodoïska / Luigi Cherubini -- Overture to Figaro / Wolfgang Amadeus Mozart -- Overture to Iphigénia / Christoph Willibald Gluck -- Original overture / Friedrich Heinrich Himmel -- Overture to Sargino / Ferdinand Paer -- Overture / Andreas Jacob Romberg -- Overture to Der Freischütz ; Overture to Euryanthe / Carl Maria von Weber -- Overture to Tancredi / Gioacchino Rossini -- Overture to Anacreon / Luigi Cherubini.
=648  \0$a18th Century (1701-1800)$1http://www.wikidata.org/entity/Q7015$920899
=648  \0$a19th Century (1801-1900)$1http://www.wikidata.org/entity/Q6955$920935
=650  \0$aInstrumental music$1http://www.wikidata.org/entity/Q639197$92106
=650  \0$aOpera$1http://www.wikidata.org/entity/Q1344$92468
=650  \0$aOverture$1http://www.wikidata.org/entity/Q202287$921591
=700  \\$4edt$aKroll, Mark$911745
=700  \2$aBeethoven, Ludwig van$d1770-1827$4cmp$1http://www.wikidata.org/entity/Q255$95335
=700  \2$aMozart, Wolfgang Amadeus$d1756-1791$4cmp$1http://www.wikidata.org/entity/Q254$95341
=700  \2$aCherubini, Luigi$d1760-1842$4cmp$1http://www.wikidata.org/entity/Q20721$95392
=700  \2$aMozart, Wolfgang Amadeus$d1756-1791$4cmp$1http://www.wikidata.org/entity/Q254$95341
=700  \2$aGluck, Christoph Willibald$d1714-1787$4cmp$1http://www.wikidata.org/entity/Q130759$96111
=700  \2$aHimmel, Friedrich Heinrich$d1765-1814$4cmp$1http://www.wikidata.org/entity/Q214626$96427
=700  \2$aPaer, Ferdinando$d1771-1839$4cmp$96151
=700  \2$aRomberg, Andreas$d1767-1821$4cmp$1http://www.wikidata.org/entity/Q213904$96130
=700  \2$aWeber, Carl Maria von$d1786-1826$4cmp$1http://www.wikidata.org/entity/Q154812$915418
=700  \2$aRossini, Gioacchino$d1792-1868$4cmp$96192
=942  \\$cSCO
=952  \\$00$10$2ddc$40$70$8SCO$98396$aORPH$bORPH$cKTS1_P$d2020-07-08$eKoopman$iWG.1808$l0$p20124311$r2021-01-12 00:00:00$w2021-01-12$ySCO
=999  \\$d8404

