=LDR  00680aam a2200169   4500
=001  8405
=008  250820s1956\\\\||||||||\||||\00|\0cger\d
=041  \\$ager
=100  \\$aHummel, Walter$d1883-1968$911759$4aut
=245  \\$aW. A. Mozarts Söhne
=260  \\$aKassel$bBärenreiter$c1956
=610  \0$aMozart family$1http://www.wikidata.org/entity/Q18574758$922340
=650  \0$aBiography$1http://www.wikidata.org/entity/Q36279$91927
=651  \0$aAustria$1http://www.wikidata.org/entity/Q40$9202
=942  \\$cBOO
=952  \\$00$10$2ddc$40$6BIO_MOZA0_D$70$8BIO$98397$aORPH$bORPH$cKTS1_P$d2020-07-08$eKoopman$i29C18$oBIO MOZA0 d$p20123466$r2021-01-12 00:00:00$w2021-01-12$yBOO$OKoopman
=999  \\$d8405

