=LDR  01412nam a2200289 c 4500
=001  8406
=007  t
=008  930712s1958\\\\\\\a|||\\||||\00|||ager\d
=040  \\$aOI
=041  0\$ager
=100  \\$aMozart, Maria Anna$d1751-1829$1http://www.wikidata.org/entity/Q157928$4aut$912885
=245  10$aNannerl Mozarts Tagebuchblätter$bmit Eintragungen ihres Bruders Wolfgang Amadeus
=246  13$aTagebuchblätter
=260  \\$aSalzburg$aStuttgart$bDas Bergland Buch$c1958
=300  \\$a135 pages$billustrations
=590  \\$avorgelegt und bearb. im Auftr. der Internationalen Stiftung Mozarteum von Walter Hummel
=610  \0$aMozart family$1http://www.wikidata.org/entity/Q18574758$922340
=648  \0$a18th Century (1701-1800)$1http://www.wikidata.org/entity/Q7015$920899
=650  \0$aInstrumentalist$1http://www.wikidata.org/entity/Q1278335$921706
=650  \0$aFemale$1http://www.wikidata.org/entity/Q6581072$921764
=650  \0$aDiary$1http://www.wikidata.org/entity/Q185598$921711
=651  \0$aSalzburg (Austria)$1http://www.wikidata.org/entity/Q34713$921433
=700  \\$aMozart, Wolfgang Amadeus$d1756-1791$1http://www.wikidata.org/entity/Q254$4ctb$95341
=700  1\$aHummel, Walter$d1883-1968$4edt
=942  \\$cBOO
=952  \\$00$10$2ddc$40$6BIO_MOZA3_A$70$8BIO$98398$aORPH$bORPH$cKTS1_P$d2020-07-08$eKoopman$i31A36$oBIO MOZA3 a$p20121137$r2021-01-12 00:00:00$w2021-01-12$yBOO$OKoopman
=999  \\$d8406

