=LDR  01233nam a2200265 a 4500
=001  8407
=005  20250120120034.0
=008  830328s1982\\\\ne\a\\\\\b\\\\001\0\dut\\
=020  \\$a9024791375 :$cfl 66.80
=040  \\$aOI
=041  0\$adut$beng
=100  \\$aHummelen, W. M. H.$4aut$911760
=245  10$aAmsterdams toneel in het begin van de Gouden Eeuw:$bstudies over Het Wit Lavendel en de Nederduytsche Academie
=260  \\$aThe Hague$bNijhoff$c1982
=300  \\$a307 pages$billustrations$c24 cm
=504  \\$aBibliography: p. [281]-290.
=610  \0$aHet Wit Lavendel (Amsterdam, Netherlands)$1http://www.wikidata.org/entity/Q28150462$91377
=610  \0$aNederduytsche Academie (Amsterdam, Netherlands)$91378
=648  \0$a17th Century (1601-1700)$1http://www.wikidata.org/entity/Q7016$920923
=650  \0$aPlay (theater)$1http://www.wikidata.org/entity/Q25379$921414
=650  \0$aRhetoricians$1http://www.wikidata.org/entity/Q1483341$92186
=651  \0$aNetherlands$1http://www.wikidata.org/entity/Q55$9173
=942  \\$cBOO
=952  \\$00$10$2ddc$40$6TOP_NL_AMS_5_000000000000000$70$8TOP$98399$aORPH$bORPH$cKTS0$d2020-07-08$eKoopman$i30B58$l0$oTOP NL.AMS 5$p20123369$r2021-01-12 00:00:00$w2021-01-12$yBOO$OKoopman
=999  \\$d8407

