=LDR  00973aam a2200205   4500
=001  8408
=008  220822s1968\\\\||||||||\||||\00|\0\dut\d
=041  \\$adut
=100  \\$aHummelen, W. M. H.$4aut$911760
=245  \\$aRepertorium van het Rederijkersdrama 1500-ca. 1620
=260  \\$aAssen$bvan Gorcum$bPrakke$c1968
=648  \0$a16th Century (1501-1600)$1http://www.wikidata.org/entity/Q7017$920944
=648  \0$a17th Century (1601-1700)$1http://www.wikidata.org/entity/Q7016$920923
=650  \0$aRhetoricians$1http://www.wikidata.org/entity/Q1483341$92186
=650  \0$aPlay (theater)$1http://www.wikidata.org/entity/Q25379$921414
=650  \0$aBibliography$1http://www.wikidata.org/entity/Q134995$93965
=651  \0$aNetherlands$1http://www.wikidata.org/entity/Q55$9173
=942  \\$cBOO
=952  \\$00$10$2ddc$40$6TOP_NL_4_000000000000000$70$8TOP$98400$aORPH$bORPH$cKTS0$d2020-07-08$eKoopman$i45E01$l0$oTOP NL 4$p20127489$r2021-01-12 00:00:00$w2021-01-12$yBOO$OKoopman
=999  \\$d8408

