=LDR  01243    a2200277   4500
=001  8414
=008  220105s1999\\\\\\\a||||\||||\00|\0\dut\d
=020  \\$a9789074252850
=041  \\$adut
=245  \\$aSynopsis:$bde klassieke cultuur en haar doorwerking
=260  \\$aLeeuwarden$bEisma$c1999
=300  \\$a256 pages
=648  \0$aClassical Antiquity (8th Century BC-6th Century AD)$1http://www.wikidata.org/entity/Q486761$921435
=650  \0$aLegacy$1http://www.wikidata.org/entity/Q623282$922131
=650  \0$aMythology$1http://www.wikidata.org/entity/Q9134$921600
=650  \0$aArchitecture$1http://www.wikidata.org/entity/Q12271$93185
=650  \0$aFine art$1http://www.wikidata.org/entity/Q219625$921579
=650  \0$aPhilosophy$1http://www.wikidata.org/entity/Q5891$92357
=651  \0$aRome (Italy)$1http://www.wikidata.org/entity/Q220$949
=651  \0$aGreece$1http://www.wikidata.org/entity/Q41$921778
=651  \0$aNetherlands$1http://www.wikidata.org/entity/Q55$9173
=700  \\$4aut$aHupperts, Charles$915974
=700  \\$4aut$aJans, Elly$923378
=942  \\$cBOO
=952  \\$00$10$2ddc$40$6HUM_HUPP$70$8HUM$98406$aORPH$bORPH$cKM12_1$d2020-07-08$eKoopman$i22A31$oHUM HUPP$p20125602$r2021-01-12 00:00:00$w2021-01-12$yDIS
=999  \\$d8414

