=LDR  00987cam a2200229 a 4500
=001  8415
=005  20250121142123.0
=008  891120s1990\\\\enkag\\\\b\\\\001\0\eng\\
=020  \\$a0521390443
=020  \\$a0521399262 (pbk.)
=040  \\$aOI
=041  \\$aeng
=100  \\$aLe Huray, Peter$4aut$911766
=245  10$aAuthenticity in Performance:$bEighteenth-Century Case Studies
=260  \\$aCambridge$aNew York$bCambridge University Press$c1990
=300  \\$axvi-202 pages$b1 illustration, music, facsimiles$c25 cm
=504  \\$aIncludes bibliographical references (p. [187]-196) and indexes.
=648  \0$a18th Century (1701-1800)$1http://www.wikidata.org/entity/Q7015$920899
=650  \0$aHistorically informed performance$1http://www.wikidata.org/entity/Q1344860$920980
=942  \\$cBOO
=952  \\$00$10$2ddc$40$6MTP_2_000000000000000_HURA$70$8MTP$98407$aORPH$bORPH$cKM12_1$d2020-07-08$eKoopman$i28D06$l2$oMTP2 HURA$p20123603$r2023-03-20 00:00:00$s2023-01-10$w2021-01-12$yBOO
=999  \\$d8415

