=LDR  01108aam a2200229   4500
=001  8416
=008  230320s1959\\\\|||\||||\b|||\01|\0|ger\d
=041  \\$ager
=100  \\$aMies, Paul$4dte$4aut$916834
=245  \\$aBeiträge zur Musikgeschichte der Stadt Köln:$bZum 70. Geburtstag von Paul Mies
=260  \\$aCologne$bVolk$c1959
=300  \\$a80 pages
=490  \\$aBeiträge zur Rheinischen Musikgeschichte$v35
=650  \0$aMusic history$1http://www.wikidata.org/entity/Q846047$921373
=651  \0$aCologne (Germany)$1http://www.wikidata.org/entity/Q365$921601
=700  \\$4aut$915034$aHüschen, Heinrich$d1915-1993
=700  \\$4aut$aKahl, Willi$d1893-1962$1http://www.wikidata.org/entity/Q19960006$911923
=700  \\$aNiemöller, Klaus Wolfgang$d1929-2024$1http://www.wikidata.org/entity/Q1745884$4aut$914812
=700  \\$4edt$aFellerer, Karl Gustav$d1902-1984$1http://www.wikidata.org/entity/Q102481$910833
=942  \\$cBOO
=952  \\$00$10$2ddc$40$6TOP_DE_COL$70$8TOP$98408$aORPH$bORPH$cKTS0$d2020-07-08$eKoopman$i44E34$l0$oTOP DE.COL$p20126564$r2021-01-12 00:00:00$w2021-01-12$yBOO$OKoopman
=999  \\$d8416

