=LDR  01049cam a2200277   4500
=001  8417
=003  OSt
=005  20250901113608.0
=008  730918s1973\\\\enkabcg\\b\\\\001\0\eng\\
=015  \\$aGB73-17452
=020  \\$a0571048080
=040  \\$aOI
=041  \\$aeng
=100  \\$aHutchings, Arthur$d1906-1989$4aut$911768
=245  14$aThe Baroque Concerto
=250  \\$a3rd rev. ed.
=260  \\$aLondon$bFaber$c1973
=300  \\$a363 pages, 10 leaves.$billustrations, maps, music, portraits$c23 cm
=504  \\$aBibliography: p. 351-356.
=648  \0$a17th Century (1601-1700)$1http://www.wikidata.org/entity/Q7016$920923
=648  \0$a18th Century (1701-1800)$1http://www.wikidata.org/entity/Q7015$920899
=650  \0$aConcerto$1http://www.wikidata.org/entity/Q9748$921817
=650  \0$aMusic history$1http://www.wikidata.org/entity/Q846047$921373
=942  \\$cBOO
=952  \\$00$10$2ddc$40$6GEN_13_000000000000000$70$8GEN$98409$aORPH$bORPH$cKM12_1$d2020-07-08$eKoopman$i30A12$oGEN13$p20123433$r2021-01-12 00:00:00$w2021-01-12$yBOO
=999  \\$d8417

