=LDR  01166nam a2200241 a 4500
=001  8418
=008  931221s1993\\\\gw\aobe\\b\\\\000\0\ger\|
=041  \\$ager
=100  \\$aHütter, Elisabeth$911769$4aut
=245  14$aDie Pauliner-Universitätskirche zu Leipzig.$bGeschichte und Bedeutung
=260  \\$aWeimar$bBöhlau$c1993
=300  \\$axv-[8]-179 pages
=490  \\$aForschungen und Schriften zur Denkmalpflege$vBand I
=504  \\$aIncludes bibliographical references (p. 176-179).
=610  \0$aPaulinerkirche (Leipzig, Germany)$1http://www.wikidata.org/entity/Q318798$91380
=650  \0$aArchitecture$1http://www.wikidata.org/entity/Q12271$93185
=650  \0$aChurch$1http://www.wikidata.org/entity/Q16970$93776
=651  \0$aLeipzig (Germany)$1http://www.wikidata.org/entity/Q2079$945
=710  \\$aLandesamt für Denkmalpflege Sachsen (Dresden, Germany)$91381
=710  \\$aKarl-Marx-Universität (Leipzig, Germany)$1http://www.wikidata.org/entity/Q154804$921107
=942  \\$cBOO
=952  \\$00$10$2ddc$40$6TOP_DE_LEI$70$8TOP$98410$aORPH$bORPH$cKTS0$d2020-07-08$eKoopman$i20A29$l0$oTOP DE.LEI$p20128029$r2021-01-12 00:00:00$w2021-01-12$yBOO$OKoopman
=999  \\$d8418

