=LDR  00776    a2200181   4500
=001  8419
=008  211115s1984\\\\\\\|||||\||||\00|\0bdut\d
=041  \\$adut
=100  \\$aHuvenne, Paul$4aut$911770
=245  \\$aPieter Pourbus, meester-schilder 1524-1584
=260  \\$c1984
=600  \0$aPourbus, Pieter Jansz.$d1523/24-1584$1http://www.wikidata.org/entity/Q981558$922817
=648  \0$a16th Century (1501-1600)$1http://www.wikidata.org/entity/Q7017$920944
=650  \0$aFine art$1http://www.wikidata.org/entity/Q219625$921579
=651  \0$aFlanders (Belgium)$1http://www.wikidata.org/entity/Q234$989
=942  \\$cBOO
=952  \\$00$10$2ddc$40$6BIO_POUR_D$70$8BIO$98411$aORPH$bORPH$cKTS1_P$d2020-07-08$eKoopman$i18A06$oBIO POUR d$p20127045$r2021-01-12 00:00:00$w2021-01-12$yBOO
=999  \\$d8419

