=LDR  00423    a2200121   4500
=001  8420
=020  \\$a0140010521
=100  \\$aHuxley, Aldous$d1894-1963$1http://www.wikidata.org/entity/Q81447$911771
=245  \\$aBrave New World
=260  \\$c1975
=942  \\$cBOO
=952  \\$00$10$2ddc$40$6LIT_HUXL_A$70$8LIT$98412$aORPH$bORPH$cKM12_2_H$d2020-07-08$eKoopman$i40A22$oLIT HUXL a$p20120339$r2021-01-12 00:00:00$w2021-01-12$yBOO
=999  \\$c8420$d8420

