=LDR  01309    a2200205   4500
=001  8421
=008  230307r18721979nl\ah|||\||||\00|\0\eng\d
=041  \\$aeng$afre
=100  \\$aCavaillé-Coll, Aristide$d1811-1899$1http://www.wikidata.org/entity/Q356502$4aut$94970
=245  \\$aComplete theoretical works of A. Cavaillé-Coll. $bFacsimile edition with introduction and notes
=260  \\$c1979$aBuren$bKnuf
=490  \\$aBibliotheca Organologica. Facsimiles of rare books on organs and organbuilding$vVolume XXXXI
=505  \\$gContains: De l'Orgue et de son architecture (1872), De la détermination du ton normal ou du diapason pour l'accord des instruments de musique (1859), Project d'orgue monumental pour la Basilique de St-Pierre de Rome (1875), Etudes expérimentales sur les Tuyaux d'Orgues (1895)
=650  \0$aOrgan$1http://www.wikidata.org/entity/Q1444$92810
=650  \0$aOrganology$1http://www.wikidata.org/entity/Q899293$921400
=651  \0$aFrance$1http://www.wikidata.org/entity/Q142$9131
=700  \\$4edt$aHuybens, Gilbert$d1949-$1http://www.wikidata.org/entity/Q64706420$920629
=942  \\$cBOO
=952  \\$00$10$2ddc$40$6INS_3_000000000000000_1B_CAVA$70$8INS$98413$aORPH$bORPH$cKTS0$d2020-07-08$eKoopman$i21F23$l0$oINS3.1b CAVA$p20125484$r2021-01-12 00:00:00$w2021-01-12$yBOO$OKoopman
=999  \\$d8421

