=LDR  01234    a2200253   4500
=001  8424
=008  220919|\\\\\\\\nl\|||||\||||\00|\0\dut\d
=041  \\$adut
=100  \\$aHuygens, Constantijn$d1596-1687$1http://www.wikidata.org/entity/Q560746$95174
=245  \\$aGebruyk of ongebruyk van 't orgel.$bIn de Kercken der Verenigde Nederlanden
=246  \1$aGhebruyck of ongebruyck van ’t orgel in de Kercken der Vereenighde Nederlanden
=260  \\$aRotterdam$bGoudswaard$c1937
=300  \\$a50 pages
=500  \\$aReproduction of an Huigens' text written in 1641
=590  \\$aBeschreeven door Constantyn Huigens
=648  \0$a17th Century (1601-1700)$1http://www.wikidata.org/entity/Q7016$920923
=650  \0$aChurch$1http://www.wikidata.org/entity/Q16970$93776
=650  \0$aOrgan$1http://www.wikidata.org/entity/Q1444$92810
=650  \0$aProtestantism$1http://www.wikidata.org/entity/Q23540$921012
=651  \0$aNetherlands$1http://www.wikidata.org/entity/Q55$9173
=700  \\$4ctb$aVan der Paauw, D. N. J. $924975
=942  \\$cBOO
=952  \\$00$10$2ddc$40$6INS_3_000000000000000_1A_NL$70$8INS$98416$aORPH$bORPH$cKTS0$d2020-07-08$eKoopman$i31E52$l0$oINS3.1a NL$p20123181$r2021-01-12 00:00:00$w2021-01-12$yBOO$OKoopman
=999  \\$d8424

