=LDR  00773aam a2200181   4500
=001  8425
=008  240130s2001\\\\||||||||\||||\00|\0\dut\d
=020  \\$a3893234411
=041  \\$adut
=100  \\$aHuygens, Constantijn$d1596-1687$1http://www.wikidata.org/entity/Q560746$4aut$95174
=245  \\$aDingen
=260  \\$aAmsterdam$aMünster$bStichting Neerlandistiek VU Amsterdam$c2001
=648  \0$a17th Century (1601-1700)$1http://www.wikidata.org/entity/Q7016$920923
=650  \0$aPoetry$1http://www.wikidata.org/entity/Q482$93026
=651  \0$aNetherlands$1http://www.wikidata.org/entity/Q55$9173
=942  \\$cBOO
=952  \\$00$10$2ddc$40$6LIT_HUYG_A$70$8LIT$98417$aORPH$bORPH$cKM12_2_H$d2020-07-08$eKoopman$i31F22$oLIT HUYG a$p20123152$r2021-01-12 00:00:00$w2021-01-12$yBOO
=999  \\$d8425

