=LDR  00981aam a2200229   4500
=001  8426
=008  240607s2003\\\\||||||||\||||\00|\0a\\\\d
=020  \\$a989035125001
=041  \\$adut
=100  \\$aHuygens, Constantijn$d1596-1687$1http://www.wikidata.org/entity/Q560746$4aut$95174
=245  \\$aJournaal van de Reis naar Venetië
=260  \\$aAmsterdam$bPrometheus$c2003
=648  \0$a17th Century (1601-1700)$1http://www.wikidata.org/entity/Q7016$920923
=650  \0$aTravel$1http://www.wikidata.org/entity/Q61509$94440
=650  \0$aDiary$1http://www.wikidata.org/entity/Q185598$921711
=651  \0$aVenice (Italy)$1http://www.wikidata.org/entity/Q641$91
=700  \\$aBlom, F. R. E.$4edt$911775
=700  \\$aHeijdra, J.$4edt$927417
=700  \\$aSnijders-De Leeuw, T.$4edt$927418
=942  \\$cBOO
=952  \\$00$10$2ddc$40$6BIO_HUYG1_A$70$8BIO$98418$aORPH$bORPH$cKTS1_P$d2020-07-08$eKoopman$i33D33$oBIO HUYG1 a$p20122716$r2021-01-12 00:00:00$w2021-01-12$yBOO$OKoopman
=999  \\$d8426

