=LDR  01625cam a22003134a 4500
=001  8428
=005  20250716123225.0
=008  030605s2003\\\\ne\a\\\\\b\\\\001\0adut\\
=020  \\$a9035123115
=040  \\$aOI
=041  \\$adut$hlat
=100  \\$aHuygens, Constantijn$d1596-1687$4aut$1http://www.wikidata.org/entity/Q560746$95174
=245  10$aMijn leven verteld aan mijn kinderen:$bin twee boeken
=260  \\$aAmsterdam$bPrometheus/Bert Bakker$c2003
=300  \\$a2 v. :$bill. ;$c24 cm.
=490  \\$aNederlandse klassieken
=504  \\$aIncludes bibliographical references and index.
=505  0\$ad. 1. Inleiding, teksteditie en vertaling -- d. 2. Commentaar en annotatie.
=590  \\$aConstantijn Huygens ; ingeleid, bezorgd, vertaald [uit het Latijn] en van commentaar voorzien door Frans R.E. Blom.
=600  \0$aHuygens, Constantijn$d1596-1687$1http://www.wikidata.org/entity/Q560746$95174
=648  \0$a17th Century (1601-1700)$1http://www.wikidata.org/entity/Q7016$920923
=650  \0$aPoetry$1http://www.wikidata.org/entity/Q482$93026
=650  \0$aBiography$1http://www.wikidata.org/entity/Q36279$91927
=651  \0$aNetherlands$1http://www.wikidata.org/entity/Q55$9173
=700  \\$aBlom, F. R. E.$4edt$4trl$911775
=942  \\$cBOO
=952  \\$00$10$2ddc$40$6BIO_HUYG1_A$70$8BIO$98419$aORPH$bORPH$cKTS1_P$d2020-07-08$eKoopman$i33D34-I$l0$oBIO HUYG1 a$p20122715$r2021-01-12 00:00:00$w2021-01-12$yBOO$OKoopman
=952  \\$00$10$2ddc$40$6BIO_HUYG1_A$70$8BIO$98420$aORPH$bORPH$cKTS1_P$d2020-07-08$eKoopman$i33D34-2$l0$oBIO HUYG1 a$p20122714$r2021-01-12 00:00:00$w2021-01-12$yBOO$OKoopman
=999  \\$c8428$d8428

