=LDR  01227    a2200217   4500
=001  8429
=008  220506s1997\\\\||||||||\||||\00|\p\dut\d
=041  \\$adut
=100  \\$aHuygens, Constantijn$d1596-1687$4aut$1http://www.wikidata.org/entity/Q560746$95174
=245  \\$aLeven in mijn dicht:$bHistorich-kritische uitgave van Constantijn Huijgens' Nederlandse gedichten (1614-1625)
=260  \\$aHeemstede$c1997
=300  \\$a3 vols.
=648  \0$a17th Century (1601-1700)$1http://www.wikidata.org/entity/Q7016$920923
=650  \0$aPoetry$1http://www.wikidata.org/entity/Q482$93026
=651  \0$aNetherlands$1http://www.wikidata.org/entity/Q55$9173
=700  \\$4edt$aLeerintveld, Ad.$914280
=942  \\$cBOO
=952  \\$00$10$2ddc$3Deel I$40$6LIT_HUYG_A$70$8LIT$98421$aORPH$bORPH$cKM12_2_H$d2020-07-08$eKoopman$i34D24_01$oLIT HUYG a$p20120839$r2021-01-12 00:00:00$w2021-01-12$yBOO
=952  \\$00$10$2ddc$40$6LIT_HUYG_A$70$8LIT$98422$aORPH$bORPH$cKM12_2_H$d2020-07-08$eKoopman$i34D24_02a$oLIT HUYG a$p20120838$r2021-01-12 00:00:00$w2021-01-12$yBOO
=952  \\$00$10$2ddc$3Deel 2B$40$6LIT_HUYG_A$70$8LIT$98423$aORPH$bORPH$cKM12_2_H$d2020-07-08$eKoopman$i34D24_02b$oLIT HUYG a$p20120837$r2021-01-12 00:00:00$w2021-01-12$yBOO
=999  \\$d8429

