=LDR  01115    a2200217   4500
=001  8432
=008  220315s2007\\\\||||||||\||||\00|\i\dut\d
=020  \\$a9789065509949
=041  \\$adut
=100  \\$aHuygens, Constantijn$d1596-1687$4crp$1http://www.wikidata.org/entity/Q560746$95174
=245  \\$aDriehonderd brieven over muziek van, aan en rond Constantijn Huygens
=260  \\$aHilversum$bVerloren$c2007
=300  \\$a2 vols.
=648  \0$a17th Century (1601-1700)$1http://www.wikidata.org/entity/Q7016$920923
=650  \0$aCorrespondence$1http://www.wikidata.org/entity/Q1784733$921392
=651  \0$aNetherlands$1http://www.wikidata.org/entity/Q55$9173
=700  \\$4win$aRasch, Rudolf$d1945-$1http://www.wikidata.org/entity/Q112427566$913439
=942  \\$cBOO
=952  \\$00$10$2ddc$3vol. 1$40$6BIO_HUYG1_A$70$8BIO$98424$aORPH$bORPH$cKTS1_P$d2020-07-08$eKoopman$i38C28_01$oBIO HUYG1 a$p20120422$r2021-01-12 00:00:00$w2021-01-12$yBOO
=952  \\$00$10$2ddc$3vol. 2$40$6BIO_HUYG1_A$70$8BIO$98425$aORPH$bORPH$cKTS1_P$d2020-07-08$eKoopman$i38C28_02$oBIO HUYG1 a$p20120421$r2021-01-12 00:00:00$w2021-01-12$yBOO
=999  \\$d8432

