=LDR  01483cam a22002891  4500
=001  8434
=005  20250910124018.0
=008  760630s1973\\\\ne\\\\\\\\\\\\000\1\dut\\
=020  \\$a9003206406 :$cfl 7.90
=040  \\$aOI
=100  \\$aHuygens, Constantijn$d1596-1687$1http://www.wikidata.org/entity/Q560746$95174$4aut
=245  10$aVoorhout, Kostelick mal en Oogentroost
=260  \\$aZutphen$bThieme$c[1973]
=300  \\$axiii, 86 p.$c20 cm.
=490  \\$aKlassiek letterkundig pantheon,
=590  \\$aGenomen uit de bundels Korenbloemen uit het Klassiek letterkundig pantheon, eertijds verzameld en toegelicht door J. van Vloten, H. J. Eymael, J. Heinsius en J. Karsemeijer. Herz. door L. Strengholt.
=648  \0$a17th Century (1601-1700)$1http://www.wikidata.org/entity/Q7016$920923
=650  \0$aPoetry$1http://www.wikidata.org/entity/Q482$93026
=651  \0$aNetherlands$1http://www.wikidata.org/entity/Q55$1http://www.wikidata.org/entity/Q29999$9173
=700  \\$aVloten, Johannes van$d1818-1883$1http://www.wikidata.org/entity/Q347054$925077$4cmm
=700  \\$aEymael, H. J.$941159$4cmm
=700  \\$aHeinsius, Daniel$d1580-1655$1http://www.wikidata.org/entity/Q918731$95177$4cmm
=700  \\$aKarsemeijer, J.$911941$4cmm
=700  \\$aStrengholt, Leendert$d1930-1989$911776$4edt
=942  \\$cBOO
=952  \\$00$10$2ddc$40$6LIT_HUYG_A$70$8LIT$98426$aORPH$bORPH$cKM12_2_H$d2020-07-08$eKoopman$i40F40$oLIT HUYG a$p20120218$r2021-01-12 00:00:00$w2021-01-12$yBOO
=999  \\$d8434

