=LDR  00960aam a2200205   4500
=001  8435
=008  240130s1956\\\\||||||||\||||\00|\p\dut\d
=041  \\$adut
=100  \\$aHuygens, Constantijn$d1596-1687$1http://www.wikidata.org/entity/Q560746$4aut$95174
=245  \\$aDichten op de knie:$b500 sneldichten van Constantijn Huygens
=260  \\$aThe Hague$bBakker$bDaamen$c1956
=648  \0$a17th Century (1601-1700)$1http://www.wikidata.org/entity/Q7016$920923
=650  \0$aPoetry$1http://www.wikidata.org/entity/Q482$93026
=651  \0$aNetherlands$1http://www.wikidata.org/entity/Q55$9173
=700  \\$aHellinga, Gerben$d1938-$4edt$911500
=700  \\$aRoland Holst, A.$4edt$927014
=700  \\$aHellinga, W. G.$d1908-1985$1http://www.wikidata.org/entity/Q3099725$4edt$911502
=942  \\$cBOO
=952  \\$00$10$2ddc$40$6LIT_HUYG_A$70$8LIT$98427$aORPH$bORPH$cKM12_2_H$d2020-07-08$eKoopman$i40G51$oLIT HUYG a$p20122221$r2021-01-12 00:00:00$w2021-01-12$yBOO
=999  \\$d8435

