=LDR  00790aam a2200181   4500
=001  8437
=008  231102s1978\\\\be\af|||\||||\00|\0\dut\d
=041  \\$adut
=100  \\$aHuys, Bernard$4aut$917389
=245  \\$aDe Belgische vioolschool
=260  \\$aBrussels$bKoninklijke Bibliotheek Albert l$c1978
=648  \0$a19th Century (1801-1900)$1http://www.wikidata.org/entity/Q6955$920935
=650  \0$aViolin$1http://www.wikidata.org/entity/Q8355$92783
=650  \0$aEducation$1http://www.wikidata.org/entity/Q8434$926206
=651  \0$aBelgium$1http://www.wikidata.org/entity/Q31$920881
=942  \\$cBOO
=952  \\$00$10$2ddc$40$6INS_4_000000000000000_1D_HUYS$70$8INS$98429$aORPH$bORPH$cKTS0$d2020-07-08$eKoopman$i21E06$l0$oINS4.1d HUYS$p20125422$r2021-01-12 00:00:00$w2021-01-12$yBOO$OKoopman
=999  \\$d8437

