=LDR  01771aam a2200289   4500
=001  8439
=005  20251003085457.0
=008  230329m19651974||||||||\c|||\00|\0\mul\d
=041  \\$adut$afre
=100  \\$aHuys, Bernard$4aut$917389
=245  \\$aCatalogue des imprimés musicaux des XVe, XVIe et XVIIe siècles.$bFonds général + Supplément
=246  \1$aCatalogus van de muziekdrukken van de XVde, XVIde en XVIIde eeuw.$bAlgemene verzameling + Supplement
=260  \\$aBrussels$bBibliothèque Royale de Belgique$c1965$c1974
=300  \\$a2 vols.
=610  \0$aKoninklijke Bibliotheek van België / Bibliothèque royale 'Albert Ier' (Brussels, Belgium)$1http://www.wikidata.org/entity/Q383931$91442
=648  \0$a15th Century (1401-1500)$1http://www.wikidata.org/entity/Q7018$921015
=648  \0$a16th Century (1501-1600)$1http://www.wikidata.org/entity/Q7017$920944
=648  \0$a17th Century (1601-1700)$1http://www.wikidata.org/entity/Q7016$920923
=648  \0$a18th Century (1701-1800)$1http://www.wikidata.org/entity/Q7015$920899
=650  \0$aLibrary$1http://www.wikidata.org/entity/Q7075$94229
=650  \0$aCatalogue$1http://www.wikidata.org/entity/Q2352616$921484
=650  \0$aMusic printing$1http://www.wikidata.org/entity/Q64416036$94007
=651  \0$aBrussels (Belgium)$1http://www.wikidata.org/entity/Q239$937
=942  \\$cBOO
=952  \\$00$10$2ddc$3Fonds général$40$6BIB_4_000000000000000_BE_BRU1$70$8BIB$98430$aORPH$bORPH$cKTS0$d2020-07-08$eKoopman$i34A03a$l0$oBIB4 BE.BRU1$p20122660$r2021-01-12 00:00:00$w2021-01-12$yBOO
=952  \\$00$10$2ddc$3Fonds général supplément$40$6BIB_4_000000000000000_BE_BRU1$70$8BIB$98431$aORPH$bORPH$cKTS0$d2020-07-08$eKoopman$i34A03b$l0$oBIB4 BE.BRU1$p20122661$r2021-01-12 00:00:00$w2021-01-12$yBOO
=999  \\$d8439

