=LDR  01121aam a2200217   4500
=001  8440
=008  250120s1974\\\\|||a||||\||||\00|\0\fre\d
=041  \\$afre$adut
=100  \\$aHuys, Bernard$917389
=245  \\$aCatalogue des Imprimés Musicaux du XVIIIe siècle:$bFonds général
=246  \1$aCatalogus van de muziekdrukken vn de XVIIIde eeuw:$bAlgemene verzameling
=260  \\$c1974$aBrussels$bKoninklijke Bibliotheek Albert I
=300  \\$a519 pages
=648  \0$a18th Century (1701-1800)$1http://www.wikidata.org/entity/Q7015$920899
=650  \0$aLibrary$1http://www.wikidata.org/entity/Q7075$94229
=650  \0$aMusic printing$1http://www.wikidata.org/entity/Q64416036$94007
=651  \0$aBrussels (Belgium)$1http://www.wikidata.org/entity/Q239$937
=710  \\$aKoninklijke Bibliotheek van België / Bibliothèque royale 'Albert Ier' (Brussels, Belgium)$1http://www.wikidata.org/entity/Q383931$91442
=942  \\$cBOO
=952  \\$00$10$2ddc$40$6BIB_4_000000000000000_BE_BRU1$70$8BIB$98432$aORPH$bORPH$cKTS0$d2020-07-08$eKoopman$i34A04$l0$oBIB4 BE.BRU1$p20122656$r2021-01-12 00:00:00$w2021-01-12$yBOO$OKoopman
=999  \\$d8440

