=LDR  01162aam a2200241   4500
=001  8443
=005  20251003085457.0
=008  230329s1975\\\\||||||||\c|||\00|\0\eng\d
=041  \\$aeng
=100  \\$aKing, A. Hyatt$d1911-1995$913716$4win
=245  \\$aCatalogue of the Music Library of Edward Francis Rimbault:$bSold at London 31 July-7 August 1877, With the Library of Dr. Rainbeau
=260  \\$c1975$bKnuf$aBuren
=300  \\$a169 pages
=490  \\$aAuction catalogues of music $v6
=600  \0$aRimbault, Edward Francis$d1816-1876$1http://www.wikidata.org/entity/Q2565796$98164
=650  \0$aCatalogue$1http://www.wikidata.org/entity/Q2352616$921484
=650  \0$aLibrary$1http://www.wikidata.org/entity/Q7075$94229
=650  \0$aCollecting$1http://www.wikidata.org/entity/Q208165$92117
=650  \0$aAuction$1http://www.wikidata.org/entity/Q177923$93849
=651  \0$aLondon (United Kingdom)$1http://www.wikidata.org/entity/Q84$9123
=942  \\$cBOO
=952  \\$00$10$2ddc$40$6BIB_4_000000000000000_GB_LON_RIMB$70$8BIB$98434$aORPH$bORPH$cKTS0$d2020-07-08$eKoopman$i33B14$l0$oBIB4 GB.LON RIMB$p20122767$r2021-01-12 00:00:00$w2021-01-12$yBOO$OKoopman
=999  \\$d8443

