=LDR  00936aam a2200205   4500
=001  8449
=005  20251003085457.0
=008  250331s1999\\\\||||||||\c|||\00|\0dita\d
=041  \\$aita
=100  \\$aIesuè, A.$911786$4aut
=245  \\$aLe Opere di Giovanni Benedetto Platti 1697-1763.$bCatalogo tematico
=260  \\$c1999
=600  \0$aPlatti, Giovanni Benedetto$d1697-1763$1http://www.wikidata.org/entity/Q262427$926445
=648  \0$a18th Century (1701-1800)$1http://www.wikidata.org/entity/Q7015$920899
=650  \0$aComposer$1http://www.wikidata.org/entity/Q36834$93625
=650  \0$aCatalogue$1http://www.wikidata.org/entity/Q2352616$1http://www.wikidata.org/entity/Q6941730$921484
=651  \0$aItaly$1http://www.wikidata.org/entity/Q38$922
=942  \\$cBOO
=952  \\$00$10$2ddc$40$6BIO_PLAT_C$70$8BIO$98440$aORPH$bORPH$cKTS1_P$d2020-07-08$eKoopman$i45B19$oBIO PLAT c$p20127391$r2021-01-12 00:00:00$w2021-01-12$yBOO$OKoopman
=999  \\$d8449

