=LDR  01888aam a2200337   4500
=001  8450
=008  250527s1988\\\\|||ao|||\b|||\00|\0\spa\d
=041  \\$aspa
=100  \\$aVillanueva, Carlos$940252$4edt$4aut
=245  \\$aEl Portico de la Gloria.$bMusica, Arte y Pensamiento
=260  \\$c1988$aSantiago de Compostela$bServicio de Publicaciones de la Universidad de Santiago
=300  \\$a172 pages$bfolded pages, transparant pages
=490  \\$aCuadernos de Musica en Compostella$vII
=500  \\$aDeals with the instruments depicted in the romanesque portico and the main gate of the Cathedral of Santiago de Compostela, created by Master Mateo and his workshop between 1188 and 1211.
=610  \0$aGlory's Portico (Cathedral of Santiago de Compostela) $1http://www.wikidata.org/entity/Q3397898$940251
=648  \0$aMiddle Ages (500-1400)$1http://www.wikidata.org/entity/Q12554$920964
=650  \0$aOrganology$1http://www.wikidata.org/entity/Q899293$921400
=650  \0$aString instrument$1http://www.wikidata.org/entity/Q1798603$92912
=650  \0$aArchitecture$1http://www.wikidata.org/entity/Q12271$93185
=650  \0$aFine art$1http://www.wikidata.org/entity/Q219625$921579
=650  \0$aMusic history$1http://www.wikidata.org/entity/Q846047$921373
=651  \0$aSantiago de Compostela (Spain)$1http://www.wikidata.org/entity/Q14314$926176
=700  \\$aJensen, Sverre$4aut$940253
=700  \\$aLuengo, Francisco$4aut$940254
=700  \\$aLópez-Calo, José$1http://www.wikidata.org/entity/Q12402821$4aut$912477
=700  \\$aRomero Pose, Eugenio$4aut$940255
=700  \\$aMoralejo, Serafin$4aut$940256
=700  \\$aSantos Zas, Arturo$4ill$940257
=942  \\$cBOO
=952  \\$00$10$2ddc$40$6TOP_ES_SAN2_3_000000000000000$70$8TOP$98441$aORPH$bORPH$cKTS0$d2020-07-08$eKoopman$i31G24$l0$oTOP ES.SAN2 3$p20121010$r2021-01-12 00:00:00$w2021-01-12$yBOO$OKoopman
=999  \\$d8450

