=LDR  01022aam a2200217   4500
=001  8451
=008  250219s1639\\\\||||||||\||||\00|\0bger\d
=041  \\$ager
=100  \\$aIlgner, G.$911788$4aut
=245  \\$aMatthias Weckmann ca. 1619-1674:$bsein Leben und seine Werke
=260  \\$aWolfenbüttel$aBerlin$bKallmeyer$c1939
=490  \\$aKieler Beiträge zur Musikwissenschaft$v6
=600  \0$aWeckmann, Matthias$d1616?-1674$1http://www.wikidata.org/entity/Q526500$910393
=648  \0$a17th Century (1601-1700)$1http://www.wikidata.org/entity/Q7016$920923
=650  \0$aComposer$1http://www.wikidata.org/entity/Q36834$93625
=650  \0$aBiography$1http://www.wikidata.org/entity/Q36279$91927
=650  \0$aMusic history$1http://www.wikidata.org/entity/Q846047$921373
=651  \0$aGermany$1http://www.wikidata.org/entity/Q183$9155
=942  \\$cBOO
=952  \\$00$10$2ddc$40$6BIO_WECK_D$70$8BIO$98442$aORPH$bORPH$cKTS1_P$d2020-07-08$eKoopman$i23B18$oBIO WECK d$p20128541$r2021-01-12 00:00:00$w2021-01-12$yBOO$OKoopman
=999  \\$d8451

