=LDR  00971aam a2200217   4500
=001  8454
=008  250331s2005\\\\||||||||\||||\00|\0deng\d
=020  \\$a9080619639
=041  \\$aeng
=100  \\$aIngen Scholten, A.$911792$4aut
=245  \\$aLeiden Professors and their Fascination
=260  \\$aLeiden$bUniversiteit Leiden$c2005
=600  \0$aKoopman, Ton$d1944-$1http://www.wikidata.org/entity/Q445121$910491
=610  \0$aUniversiteit Leiden (Netherlands)$1http://www.wikidata.org/entity/Q156598$922381
=648  \0$a21st Century (2001-2100)$1http://www.wikidata.org/entity/Q6939$920812
=650  \0$aEducation$1http://www.wikidata.org/entity/Q8434$926206
=651  \0$aLeiden (Netherlands)$1http://www.wikidata.org/entity/Q43631$978
=700  \\$aGroen, A. in 't$4aut$940000
=942  \\$cBOO
=952  \\$00$10$2ddc$40$6TOP_NL_LEI$70$8TOP$98445$aORPH$bORPH$cKTS0$d2020-07-08$eKoopman$i34A40$l0$oTOP NL.LEI$p20122622$r2021-01-12 00:00:00$w2021-01-12$yBOO$OKoopman
=999  \\$d8454

