=LDR  01442aam a2200253   4500
=001  8455
=008  240105s1966\\\\||||||||\mb||\000\0\ger\d
=041  \\$ager
=100  \\$aIngen, Ferdinand van$d1933-2021$1http://www.wikidata.org/entity/Q95291293$4aut$914554
=245  \\$aVanitas und Memento Mori in der deutschen Barocklyrik
=260  \\$aGroningen$bWolters$c1966
=300  \\$a[viii]-388 pages
=500  \\$aDoctoral dissertation
=590  \\$aProefschrift ter verkrijging van de graad van doctor in de letteren aan de rijksuniversiteit te Utrecht, op gezag van de rector magnificus, Prof. Dr. A. R. Hulst, volgens besluit van de senaat in het openbaar te verdedigen op vrijdag 9 december 1966 des namiddags te 1.45 uur.
=648  \0$a17th Century (1601-1700)$1http://www.wikidata.org/entity/Q7016$920923
=648  \0$a18th Century (1701-1800)$1http://www.wikidata.org/entity/Q7015$920899
=650  \0$aVanitas$1http://www.wikidata.org/entity/Q733095$926937
=650  \0$aMemento mori$1http://www.wikidata.org/entity/Q273383$939726
=650  \0$aGerman$1http://www.wikidata.org/entity/Q188$923675
=650  \0$aLiterature$1http://www.wikidata.org/entity/Q8242$94439
=651  \0$aGermany$1http://www.wikidata.org/entity/Q183$9155
=942  \\$cBOO
=952  \\$00$10$2ddc$40$6TOP_DE_5_000000000000000$70$8TOP$98446$aORPH$bORPH$cKTS0$d2020-07-08$eKoopman$i44F12$l0$oTOP DE 5$p20126827$r2021-01-12 00:00:00$w2021-01-12$yBOO$OKoopman
=999  \\$d8455

