=LDR  00761aam a2200193   4500
=001  8456
=008  220825s1990\\\\|||o||||\||||\00|\0\eng\d
=020  \\$a9780304319985
=041  \\$aeng
=100  \\$aInnes, Jocasta$4aut$911794
=245  \\$aScandinavian Painted Decor
=260  \\$aLondon$bCassell$c1990
=300  \\$a256 pages
=648  \0$a18th Century (1701-1800)$1http://www.wikidata.org/entity/Q7015$920899
=650  \0$aInterior design$1http://www.wikidata.org/entity/Q179232$921367
=651  \0$aScandinavia$1http://www.wikidata.org/entity/Q21195$922682
=942  \\$cBOO
=952  \\$00$10$2ddc$40$6TOP_SW_5_000000000000000$70$8TOP$98447$aORPH$bORPH$cKTS0$d2020-07-08$eKoopman$i45G19$l0$oTOP SW 5$p20127547$r2021-01-12 00:00:00$w2021-01-12$yBOO$OKoopman
=999  \\$d8456

