=LDR  01189aam a2200217   4500
=001  8457
=005  20251003085457.0
=008  250618s1980\\\\||||||||\c|||\00|\0\dut\d
=020  \\$a9060273656
=041  \\$adut
=245  \\$aMuzikale documenten uit twee eeuwen (1500-1700) in de bibliotheek van het Instituut voor Muziekwetenschap der Rijksuniversiteit te Utrecht:$bcatalogus, uitgegeven ter gelegenheid van het 50-jarig bestaan
=260  \\$aBuren$bKnuf$c1980
=610  \0$aUniversiteit Utrecht (Netherlands)$1http://www.wikidata.org/entity/Q221653$923566
=648  \0$a16th Century (1501-1600)$1http://www.wikidata.org/entity/Q7017$920944
=648  \0$a17th Century (1601-1700)$1http://www.wikidata.org/entity/Q7016$920923
=650  \0$aCatalogue$1http://www.wikidata.org/entity/Q2352616$1http://www.wikidata.org/entity/Q6941730$921484
=650  \0$aManuscript$1http://www.wikidata.org/entity/Q87167$92275
=651  \0$aUtrecht (Netherlands)$1http://www.wikidata.org/entity/Q803$9141
=942  \\$cBOO
=952  \\$00$10$2ddc$40$6BIB_4_000000000000000_NL_UTR$70$8BIB$98448$aORPH$bORPH$cKTS0$d2020-07-08$eKoopman$l0$oBIB4 NL.UTR$p20123237$r2021-01-12 00:00:00$w2021-01-12$yBOO$OKoopman
=999  \\$d8457

