=LDR  01038cam a2200253 a 4500
=001  8458
=005  20250109133335.0
=008  890223s1989\\\\nyuag\\\\b\\\\000\0\eng\\
=020  \\$a0824020111 (alk. paper) :$c$110.00 (set)
=040  \\$aOI
=100  1\$aIrving, John,$d1959-
=245  14$aThe instrumental music of Thomas Tomkins, 1572-1656 /$cJohn Irving.
=260  \\$aNew York :$bGarland Pub.,$c1989.
=300  \\$a2 v. in 1 :$bill., music ;$c26 cm.
=500  \\$aOriginally issued as the author's thesis.
=504  \\$aBibliography: v. 1, p. 225-235.
=600  10$aTomkins, Thomas,$d1572-1656.$tInstrumental music.
=650  \0$aInstrumental music
=650  \0$aChamber music$xScores.
=952  \\$00$10$2ddc$40$6BIO_TOMK_E$70$8BIO$98449$aORPH$bORPH$cKTS1_P$d2020-07-08$eKoopman$i22E43$oBIO TOMK e$p20128863$r2021-01-12 00:00:00$w2021-01-12$yBOO$OKoopman
=999  \\$c8458$d8458
=490  \\$aOutstanding dissertations music from British universities
=650  \0$aMusic history$1http://www.wikidata.org/entity/Q846047$921373
=942  \\$cBOO

