=LDR  01205    a2200277   4500
=001  8459
=008  211130s2003\\\\\\\a||||\||||\00|\0\eng\d
=020  \\$a9789051942224
=041  \\$adut$heng
=100  \\$aIsrael, Jonathan I.$4auc$919843
=245  \\$aDe Joden in Europa 1550-1750
=260  \\$aFraneker$bVan Wijnen$c2003
=300  \\$a356 pages
=534  \\$cOxford: Oxford University Press, 1989
=610  \0$aJews$1http://www.wikidata.org/entity/Q7325$924173
=648  \0$a16th Century (1501-1600)$1http://www.wikidata.org/entity/Q7017$920944
=648  \0$a17th Century (1601-1700)$1http://www.wikidata.org/entity/Q7016$920923
=648  \0$a18th Century (1701-1800)$1http://www.wikidata.org/entity/Q7015$920899
=650  \0$aCuckoo$1http://www.wikidata.org/entity/Q18845$922474
=650  \0$aReligion$1http://www.wikidata.org/entity/Q9174$93062
=651  \0$aEurope$1http://www.wikidata.org/entity/Q46$991
=700  \\$4trl$aBuisman, Ben G.$923144
=765  \\$aEuropean Jewry in the Age of Mercantilism, 1550-1750
=942  \\$cBOO
=952  \\$00$10$2ddc$40$6HUM_ISRA$70$8HUM$98450$aORPH$bORPH$cKM12_1$d2020-07-08$eKoopman$i45A14$oHUM ISRA$p20127435$r2021-01-12 00:00:00$w2021-01-12$yBOO
=999  \\$d8459

