=LDR  01326nam a2200265 a 4500
=001  8462
=005  20250416173448.0
=008  871208s1984\\\\sp\\\\\\\bc\\s000\0\spa\\
=020  \\$a8400056418
=040  \\$aOI
=041  0\$aspa
=100  \\$aRuiz Izquierdo, Julián$911799
=245  10$aBiblioteca de la Iglesia Catedral de Tarazona :$bcatálogo de libros manuscritos, incunables y de música 
=260  \\$aZaragoza$bInstitución "Fernando el Católico" (C.S.I.C.) de la Excma. Diputación Provincial$c1984
=300  \\$a134 pages$c24 cm.
=490  1\$aFuentes históricas aragonesas$v12
=610  \0$aIglesia Catedral de Tarazona (Tarazona de Aragón, Spain)$1http://www.wikidata.org/entity/Q2942832$91384
=650  \0$aChurch music$1http://www.wikidata.org/entity/Q8812109$1http://www.wikidata.org/entity/Q1065742$92283
=650  \0$aLibrary$1http://www.wikidata.org/entity/Q7075$94229
=700  \\$aMosquera Armendáriz, José Antonio$911800
=700  \\$aSevillano Ruiz, Justo$911801
=710  \\$aIglesia Catedral de Tarazona (Tarazona de Aragón, Spain)$1http://www.wikidata.org/entity/Q2942832$91384
=942  \\$cBOO
=952  \\$00$10$2ddc$40$6BIB_4_000000000000000_ES_TAR$70$8BIB$98453$aORPH$bORPH$cKTS0$d2020-07-08$eKoopman$i37B07$l0$oBIB4 ES.TAR$p20120607$r2021-01-12 00:00:00$w2021-01-12$yBOO$OKoopman
=999  \\$d8462

