=LDR  01123cam a2200217 a 4500
=001  8464
=008  980925s1997\\\\gw\a\\\\\b\\\\001\0dger\\
=041  \\$ager
=100  \\$aJaacks, Gisela$1http://www.wikidata.org/entity/Q15176706$911803
=245  10$aHamburg zu Lust und Nutz.$bBürgerliches Musikverständnis zwischen Barock und Aufklärung (1660-1760)
=260  \\$aHamburg$bVerein für Hamburgische Geschichte$c1997
=300  \\$a216 pages
=490  \\$aVeröffentlichungen des Vereins für Hamburgische Geschichte
=504  \\$aIncludes bibliographical references (p. 192-209) and index.
=648  \0$a17th Century (1601-1700)$1http://www.wikidata.org/entity/Q7016$920923
=648  \0$a18th Century (1701-1800)$1http://www.wikidata.org/entity/Q7015$920899
=650  \0$aMusic history$1http://www.wikidata.org/entity/Q846047$921373
=651  \0$aHamburg (Germany)$1http://www.wikidata.org/entity/Q1055$921940
=942  \\$cBOO
=952  \\$00$10$2ddc$40$6TOP_DE_HAM_5_000000000000000$70$8TOP$98455$aORPH$bORPH$cKTS0$d2020-07-08$eKoopman$i25D17$l0$oTOP DE.HAM 5$p20129269$r2021-01-12 00:00:00$w2021-01-12$yBOO$OKoopman
=999  \\$d8464

