=LDR  01332cam a2200277 a 4500
=001  8466
=005  20251003085457.0
=008  850520s1985\\\\\\\ao\\\\bc\\\001\0\eng\d
=041  \\$aeng
=100  \\$4edt$aJackson-Stops, Gervase$911805
=245  04$aThe Treasure Houses of Britain:$bFive Hundred Years of Private Patronage and Art Collecting
=250  \\$a2nd Ed.
=260  \\$aWashington, DC$bNational Gallery of Art$aNew Haven, CT$bYale University Press$c1985
=300  \\$a680 pages
=504  \\$aBibliography: p. 664-673.
=590  \\$aExhibition Catalogue National Galery of Art Washington 1985
=648  \0$aPast$1http://www.wikidata.org/entity/Q192630$922196
=650  \0$aPatronage$1http://www.wikidata.org/entity/Q214092$94245
=650  \0$aFine art$1http://www.wikidata.org/entity/Q219625$921579
=650  \0$aCollecting$1http://www.wikidata.org/entity/Q208165$92117
=650  \0$aCatalogue$1http://www.wikidata.org/entity/Q2352616$1http://www.wikidata.org/entity/Q6941730$921484
=650  \0$aExhibition$1http://www.wikidata.org/entity/Q464980$925353
=651  \0$aUnited Kingdom$1http://www.wikidata.org/entity/Q21$9273
=942  \\$cBOO
=952  \\$00$10$2ddc$40$6TOP_GB_0_000000000000000$70$8TOP$98457$aORPH$bORPH$cKTS0$d2020-07-08$eKoopman$i18A13$oTOP GB 0$p20127038$r2021-01-12 00:00:00$w2021-01-12$yBOO
=999  \\$d8466

