=LDR  00367    a2200109   4500
=001  8470
=100  \\$aJacob, H. E.$911807
=245  \\$aFelix Mendelssohn and his times
=260  \\$c1963
=942  \\$cBOO
=952  \\$00$10$2ddc$40$6BIO_MEND_D$70$8BIO$98461$aORPH$bORPH$cKTS1_P$d2020-07-08$eKoopman$i31A12$oBIO MEND d$p20121160$r2021-01-12 00:00:00$w2021-01-12$yBOO$OKoopman
=999  \\$c8470$d8470

