=LDR  01076aam a2200253   4500
=001  8471
=008  240607s1985\\\\||||||||\||||\00|\0beng\d
=020  \\$a716815826
=041  \\$aeng
=100  \\$aJacob, J.$911808
=245  \\$aJohn Joseph Merlin,$bThe Ingenious Mechanick
=260  \\$aLondon$bGreater London Council$c1985
=600  \0$aMerlin, Jean-Joseph$d1735-1803$1http://www.wikidata.org/entity/Q1387606$927426
=648  \0$a18th Century (1701-1800)$1http://www.wikidata.org/entity/Q7015$920899
=650  \0$aOrganology$1http://www.wikidata.org/entity/Q899293$921400
=650  \0$aKeyboard instrument$1http://www.wikidata.org/entity/Q52954$92849
=651  \0$aLondon (United Kingdom)$1http://www.wikidata.org/entity/Q84$9123
=700  \\$aJacob, John$4aut$911808
=700  \\$aFrench, A.$4aut$927423
=700  \\$aWright, M.$4aut$927424
=700  \\$aPalmer, F.$4aut$927425
=942  \\$cBOO
=952  \\$00$10$2ddc$40$6BIO_MERL_D$70$8BIO$98462$aORPH$bORPH$cKTS1_P$d2020-07-08$eKoopman$i45C29$oBIO MERL d$p20127334$r2021-01-12 00:00:00$w2021-01-12$yBOO$OKoopman
=999  \\$d8471

