=LDR  01041nam a2200253 a 4500
=001  8472
=005  20250901113608.0
=008  920303s1991\\\\gw\g\\\\\b\\\\001\0dger\\
=020  \\$a3765102806
=040  \\$aOI
=041  \\$ager
=100  \\$aJacob, Michael$4aut$911809
=245  14$aDie Klarinettenkonzerte von Carl Stamitz
=260  \\$aWiesbaden$bBreitkopf & Härtel$c1991
=300  \\$a196 p. :$bmusic ;$c21 cm.
=490  \\$aNeue musikgeschichtliche Forschungen$v18
=504  \\$aIncludes bibliographical references and index.
=600  \0$aStamitz, Carl$d1745-1801$1http://www.wikidata.org/entity/Q157898$97748
=648  \0$a18th Century (1701-1800)$1http://www.wikidata.org/entity/Q7015$920899
=942  \\$cBOO
=952  \\$00$10$2ddc$40$6BIO_STAM2_E$70$8BIO$98463$aORPH$bORPH$cKTS1_P$d2020-07-08$eKoopman$i32G14$l0$oBIO STAM2 e$p20122814$r2021-01-12 00:00:00$w2021-01-12$yBOO
=999  \\$c8472$d8472
=650  \0$aMusic history$1http://www.wikidata.org/entity/Q846047$921373
=650  \0$aConcerto$1http://www.wikidata.org/entity/Q9748$921817

