=LDR  01954aaa a2200313   4500
=001  8473
=005  20250925143258.0
=008  250912s1960\\\\|||g||||\b|||\001\0dger\|
=041  \\$ager
=100  \\$aJacobi, Erwin R.$d1909-1979$918302$4aut
=245  \\$aDie Entwicklung der Musiktheorie in England nach der Zeit von Jean-Philippe Rameau. Zweiter Teil
=260  \\$c1960$aStrasbourg$bHeitz
=300  \\$a[vi]-186 pages
=490  \\$aSammlung Musikwissenschaftlicher Abhandlungen begründet von K. Nef, Basel$v39
=500  \\$aSee appendix 23G18-2: Facsimile of Day's Treatise
=520  \\$aII. Kapitel: Alfred Day und sein Harmoniesystem (erste Ausgabe 1845) - III. Kapitel: Englische Theoretiker nach Alfred Days Tode 1849 - IV. Kapitel: Reste des Dayschen Schule in der englischen Musiktheorie nach Prouts Tode 1909, ihre heutige Beurteilung inner- und ausserhalb Englands
=600  \0$aRameau, Jean-Philippe$d1683-1764$1http://www.wikidata.org/entity/Q1145$94787
=600  \0$aDay, Alfred$d1810-1849$1http://www.wikidata.org/entity/Q18559684$910403
=648  \0$a18th Century (1701-1800)$1http://www.wikidata.org/entity/Q7015$920899
=648  \0$a19th Century (1801-1900)$1http://www.wikidata.org/entity/Q6955$920935
=648  \0$a20th Century (1901-2000)$1http://www.wikidata.org/entity/Q6927$920936
=650  \0$aMusic theory$1http://www.wikidata.org/entity/Q193544$92662
=650  \0$aHarmony$1http://www.wikidata.org/entity/Q184421$92358
=650  \0$aInfluence$1http://www.wikidata.org/entity/Q1307337$1http://www.wikidata.org/entity/Q16578639$922289
=650  \0$aLegacy$1http://www.wikidata.org/entity/Q623282$922131
=651  \0$aUnited Kingdom$1http://www.wikidata.org/entity/Q21$1http://www.wikidata.org/entity/Q145$9273
=942  \\$cBOO
=952  \\$00$10$2ddc$40$6TOP_GB_6_000000000000000$70$8TOP$98464$aORPH$bORPH$cKTS0$d2020-07-08$eKoopman$i23G18-1$l0$oTOP GB 6$p20125770$r2021-01-12 00:00:00$w2021-01-12$yBOO$OKoopman
=999  \\$d8473

