=LDR  01279nam a2200277 a 4500
=001  8478
=005  20251003085457.0
=008  940420s1993\\\\gw\agh\\\\\\\\000\0\ger\d
=020  \\$a3873280698
=040  \\$aOI
=041  \\$ager
=100  \\$aJaenecke, Joachim$4aut$911816
=245  10$aGeorg Philipp Telemann:$bAutographe und Abschriften. Katalog
=260  \\$aMunich$bHenle$c1993
=300  \\$a453 pages$bill., facsims., music ;$c26 cm.
=490  1\$aKataloge der Musikabteilung / Staatsbibliothek zu Berlin--Preussischer Kulturbesitz. Erste Reihe, Handschriften$v7
=504  \\$aIncludes bibliographical references (p. 400-402) and indexes.
=600  \0$aTelemann, Georg Philipp$d1681-1767$1http://www.wikidata.org/entity/Q75854$99287
=610  \0$aStaatsbibliothek zu Berlin (Germany)$91572
=648  \0$a18th Century (1701-1800)$1http://www.wikidata.org/entity/Q7015$920899
=650  \0$aComposer$1http://www.wikidata.org/entity/Q36834$93625
=650  \0$aManuscript$1http://www.wikidata.org/entity/Q87167$92275
=650  \0$aCatalogue$1http://www.wikidata.org/entity/Q2352616$921484
=942  \\$cBOO
=952  \\$00$10$2ddc$40$6BIO_TELE_C$70$8BIO$98469$aORPH$bORPH$cKTS1_P$d2020-07-08$eKoopman$i37B01$oBIO TELE c$p20120613$r2021-01-12 00:00:00$w2021-01-12$yBOO
=999  \\$d8478

