=LDR  00636aam a2200157   4500
=001  8479
=008  231208s1976\\\\||||||||\c|||\00|\0\eng\d
=041  \\$aeng
=100  \\$aJaffé, M.$4aut$911819
=245  \\$aEuropean Drawings from the Fitzwilliam
=260  \\$aCambridge$c1976
=610  \0$aFitzwilliam Museum (Cambridge, United Kingdom)$1http://www.wikidata.org/entity/Q1421440$91388
=650  \0$aFine art$1http://www.wikidata.org/entity/Q219625$921579
=942  \\$cBOO
=952  \\$00$10$2ddc$40$6VIS_JAFF$70$8VIS$98470$aORPH$bORPH$cKTS1_H$d2020-07-08$eKoopman$i18C30$l0$oVIS JAFF$p20127073$r2021-01-12 00:00:00$w2021-01-12$yBOO$OKoopman
=999  \\$d8479

