=LDR  00979aam a2200229   4500
=001  8481
=005  20250918090457.0
=008  220204s1995\\\\||||||||\||||\00|\0\fre\d
=022  \\$a00305170
=041  \\$afre
=100  \\$aJaffrès, Y.$4aut$911821
=245  \\$aMichel Corrette et l'orgue (1707-1795)
=260  \\$aSaint-Hippolyte-du-Fort$bAssociation des Amis de l'Orgue$c1995
=490  \\$aL'Orgue, cahiers et mémoires
=600  \0$aCorrette, Michel$d1707-1795$1http://www.wikidata.org/entity/Q982378$97384
=648  \0$a18th Century (1701-1800)$1http://www.wikidata.org/entity/Q7015$920899
=650  \0$aOrgan$1http://www.wikidata.org/entity/Q1444$92810
=650  \0$aMusic history$1http://www.wikidata.org/entity/Q846047$921373
=651  \0$aFrance$1http://www.wikidata.org/entity/Q142$9131
=942  \\$cBOO
=952  \\$00$10$2ddc$40$6BIO_CORR_E$70$8BIO$98472$aORPH$bORPH$cKTS1_P$d2020-07-08$eKoopman$i46C05$oBIO CORR e$p20130347$r2021-01-12 00:00:00$w2021-01-12$yBOO
=999  \\$d8481

