=LDR  00964aam a2200217   4500
=001  8482
=008  250122s1989\\\\||||||||\||||\00|\0bdut\d
=020  \\$a9070591286
=041  \\$adut
=100  \\$aJagtenberg, F. J. A.$911822$4aut
=245  \\$aJonathan Swift in Nederland (1700-1800)
=260  \\$aDeventer$bSub Rosa$c1989
=490  \\$aDeventer Studiën$v10
=600  \0$aSwift, Jonathan$d1667-1745$1http://www.wikidata.org/entity/Q41166$97332
=648  \0$a18th Century (1701-1800)$1http://www.wikidata.org/entity/Q7015$920899
=650  \0$aWriter$1http://www.wikidata.org/entity/Q36180$93885
=650  \0$aBiography$1http://www.wikidata.org/entity/Q36279$91927
=651  \0$aNetherlands$1http://www.wikidata.org/entity/Q55$1http://www.wikidata.org/entity/Q29999$9173
=942  \\$cBOO
=952  \\$00$10$2ddc$40$6BIO_SWIF_E$70$8BIO$98473$aORPH$bORPH$cKTS1_P$d2020-07-08$eKoopman$i38C22$l0$oBIO SWIF e$p20120426$r2021-01-12 00:00:00$w2021-01-12$yBOO$OKoopman
=999  \\$d8482

