=LDR  00361    a2200109   4500
=001  8483
=100  \\$aJahn, J.$911823
=245  \\$a1472-1553 Lucas Cranach d.Ä.
=260  \\$c1972
=942  \\$cBOO
=952  \\$00$10$2ddc$40$6BIO_CRAN_A$70$8BIO$98474$aORPH$bORPH$cKTS1_P$d2020-07-08$eKoopman$i35B18$oBIO CRAN a$p20120772$r2021-01-12 00:00:00$w2021-01-12$yBOO$OKoopman
=999  \\$c8483$d8483

