=LDR  00836    a2200193   4500
=001  8490
=100  \\$aJakob, Friedrich$4aut$911825
=245  \\$aDie Orgel.$bOrgelbau und Orgelspiel von der Antike bis zur Gegenwart
=260  \\$c1971$aStuttgard$bHallwag
=300  \\$a96 pages
=336  \\$aprinted
=648  \0$aPast$1http://www.wikidata.org/entity/Q192630$922196
=650  \0$aOrgan$1http://www.wikidata.org/entity/Q1444$92810
=650  \0$aOrgan music$1http://www.wikidata.org/entity/Q2003283$91951
=650  \0$aOrganology$1http://www.wikidata.org/entity/Q899293$921400
=650  \0$aMusic history$1http://www.wikidata.org/entity/Q846047$921373
=942  \\$cBOO
=952  \\$00$10$2ddc$40$6INS_3_000000000000000_1A$70$8INS$98481$aORPH$bORPH$cKTS0$d2020-07-08$eKoopman$i24A09$oINS3.1a$p20128719$r2021-01-12 00:00:00$w2021-01-12$yBOO
=999  \\$d8490

