=LDR  01118cam a2200241 a 4500
=001  8492
=005  20250120120101.0
=008  911010s1990\\\\au\af\\\\b\\\\000\0\ger\\
=041  \\$ager
=100  \\$aJakob, Friedrich$4aut$911825
=245  14$aDie Fest-Orgel in der Stiftskirche Klosterneuburg.$bGeschichte und Restaurierung der Freund-Orgel von 1642
=260  \\$aVienna$bMayer$c1990
=300  \\$a156 pages-2 folded leaves of plates $bill. $c23 cm.
=490  \\$aVeröffentlichung der Gesellschaft der Orgelfreunde
=504  \\$aIncludes bibliographical references (p. 156).
=610  \0$aStift Klosterneuburg (Austria)$91389
=648  \0$a17th Century (1601-1700)$1http://www.wikidata.org/entity/Q7016$920923
=650  \0$aOrgan$1http://www.wikidata.org/entity/Q1444$92810
=650  \0$aOrganology$1http://www.wikidata.org/entity/Q899293$921400
=651  \0$aAustria$1http://www.wikidata.org/entity/Q40$9202
=942  \\$cBOO
=952  \\$00$10$2ddc$40$6INS_3_000000000000000_1E_AT_KLO$70$8INS$98483$aORPH$bORPH$cKTS0$d2020-07-08$eKoopman$i24B02$oINS3.1e AT.KLO$p20128752$r2021-01-12 00:00:00$w2021-01-12$yBOO
=999  \\$d8492

