=LDR  00706    a2200193   4500
=001  8493
=008  220125s1993\\\\sw\af|||\||||\00|\0\ger\d
=041  \\$ager
=100  \\$aJakob, Friedrich$4aut$911825
=245  \\$aDie Orgel und das Papier
=260  \\$c1993$aMännendorf
=300  \\$a66 pages
=336  \\$aprinted
=650  \0$aHistory$1http://www.wikidata.org/entity/Q309$921403
=650  \0$aOrgan$1http://www.wikidata.org/entity/Q1444$92810
=650  \0$aOrganology$1http://www.wikidata.org/entity/Q899293$921400
=942  \\$cBOO
=952  \\$00$10$2ddc$40$6INS_3_000000000000000_1A$70$8INS$98484$aORPH$bORPH$cKTS0$d2020-07-08$eKoopman$i24B35$oINS3.1a$p20128799$r2021-01-12 00:00:00$w2021-01-12$yBOO
=999  \\$d8493

