=LDR  00941    a2200205   4500
=001  8494
=008  220415s1989\\\\gw\af|||\||||\00|\0\ger\d
=041  \\$ager
=100  \\$aJakob, Friedrich$4aut$911825
=245  \\$aDie Orgel von Kiedrich.$bDie Orgel der Pfarrkirche St. Valentin und Dionysius zu Kiedrich im Rheingau 
=260  \\$c1989$aVerlag Orgelbau Kuhn$bMännedorf
=300  \\$a127 pages
=336  \\$aprinted
=610  \0$aSt. Valentinuskirche (Kiedrich, Germany)$1http://www.wikidata.org/entity/Q1109694$923938
=650  \0$aOrgan$1http://www.wikidata.org/entity/Q1444$92810
=650  \0$aOrganology$1http://www.wikidata.org/entity/Q899293$921400
=651  \0$aKiedrich (Germany)$1http://www.wikidata.org/entity/Q627351$923939
=942  \\$cBOO
=952  \\$00$10$2ddc$40$6INS_3_000000000000000_1E_DE_KIE2$70$8INS$98485$aORPH$bORPH$cKTS0$d2020-07-08$eKoopman$i24C07$oINS3.1e DE.KIE2$p20129058$r2021-01-12 00:00:00$w2021-01-12$yBOO
=999  \\$d8494

