=LDR  00748    a2200193   4500
=001  8497
=008  220127s1996\\\\sz\af|||\||||\00|\0\ger\d
=041  \\$ager
=100  \\$aJakob, Friedrich$4aut$911825
=245  \\$aDie Orgel und die Heraldik
=260  \\$c1966$aMännedorf$bfVerlag Orgelbau Kuhn Männedor
=300  \\$a93 pages
=336  \\$aprinted
=650  \0$aOrgan$1http://www.wikidata.org/entity/Q1444$92810
=650  \0$aOrgan music$1http://www.wikidata.org/entity/Q2003283$91951
=650  \0$aIconography$1http://www.wikidata.org/entity/Q208145$921259
=942  \\$cBOO
=952  \\$00$10$2ddc$40$6INS_3_000000000000000_1A$70$8INS$98488$aORPH$bORPH$cKTS0$d2020-07-08$eKoopman$i24D22$oINS3.1a$p20129116$r2021-01-12 00:00:00$w2021-01-12$yBOO
=999  \\$d8497

