=LDR  00672    a2200181   4500
=001  8498
=008  220125s1995\\\\sw\a||||\||||\00|\0\ger\d
=041  \\$ager
=100  \\$aJakob, Friedrich$4aut$911825
=245  \\$aDie Orgel und die Farbe
=260  \\$c1995$aMännedorf$bVerlag Orgelbau Kuhn Männedorf
=300  \\$a76 pages
=336  \\$aprinted
=650  \0$aOrgan$1http://www.wikidata.org/entity/Q1444$92810
=650  \0$aMusic history$1http://www.wikidata.org/entity/Q846047$921373
=942  \\$cBOO
=952  \\$00$10$2ddc$40$6INS_3_000000000000000_1A$70$8INS$98489$aORPH$bORPH$cKTS0$d2020-07-08$eKoopman$i24D28$oINS3.1a$p20129108$r2021-01-12 00:00:00$w2021-01-12$yBOO
=999  \\$d8498

