=LDR  00803    a2200193   4500
=001  8502
=008  230413b\\\\\\\\||||||||\||||\00|\0\###\d
=041  \\$ager
=100  \\$aJakob, Friedrich$911825$4aut
=245  \\$a140 Jahre Orgelbau Kuhn. $bWerkverzeichnis 1864-2004
=260  \\$c2004$aKuhn$bVerlag Orgelbau Kuhn
=300  \\$a81 pages
=600  10$926054$aKuhn, Carl Theodor$d1865-1925
=650  \0$aOrgan$1http://www.wikidata.org/entity/Q1444$92810
=650  \0$aOrganology$1http://www.wikidata.org/entity/Q899293$921400
=651  \0$1http://www.wikidata.org/entity/Q39$aSwitzerland$920954
=942  \\$cBOO
=952  \\$00$10$2ddc$40$6INS_3_000000000000000_1B_KUHN$70$8INS$98493$aORPH$bORPH$cKTS0$d2020-07-08$eKoopman$i33F11$l0$oINS3.1b KUHN$p20120906$r2021-01-12 00:00:00$w2021-01-12$yBOO$OKoopman
=999  \\$d8502

