=LDR  01108cam a2200241 i 4500
=001  8504
=005  20250120115945.0
=008  790723s1977\\\\gw\ag\\\\b\\\\000\0\ger\\
=015  \\$aGFR78-A
=020  \\$a3873972549 :$cDM48.00
=040  \\$aOI
=100  \\$aJaksch, Werner$911826
=245  10$aH. I. F. Biber, Requiem à 15 :$bUnters. zur höf., liturg. u. musikal. Topik e. barocken Totenmesse /$cWerner Jaksch.
=260  \\$aMünchen ;$aSalzburg :$bMusikverlag Katzbichler,$c1977.
=300  \\$a135, 82 p. :$bill., music ;$c25 cm.
=490  1\$aBeiträge zur Musikforschung ; Bd. 5
=504  \\$aBibliography: p. 122-130.
=600  \0$aBiber, Heinrich Ignaz Franz$d1644-1704$1http://www.wikidata.org/entity/Q153455$99605
=700  \2$aBiber, Heinrich Ignaz Franz$d1644-1704$1http://www.wikidata.org/entity/Q153455$99605
=830  \0$9642$aBeiträge zur Musikforschung (Musikverlag Katzbichler) ;$vBd. 5.
=942  \\$cBOO
=952  \\$00$10$2ddc$40$6BIO_BIBE_E$70$8BIO$98495$aORPH$bORPH$cKTS1_P$d2020-07-08$eKoopman$i32C21$l0$oBIO BIBE e$p20122899$r2021-01-12 00:00:00$w2021-01-12$yBOO$OKoopman
=999  \\$c8504$d8504

