=LDR  00355    a2200109   4500
=001  8508
=100  \\$aJames, A. L.$911830
=245  \\$aHer Highness' Voice
=260  \\$c2002
=942  \\$cBOO
=952  \\$00$10$2ddc$40$6BIO_MARI_E$70$8BIO$98499$aORPH$bORPH$cKTS1_P$d2020-07-08$eKoopman$i31B20$oBIO MARI e$p20121111$r2021-01-12 00:00:00$w2021-01-12$yBOO$OKoopman
=999  \\$c8508$d8508

