=LDR  01328    a2200301   4500
=001  8509
=005  20251103124736.0
=008  211027s1992\\\\fr\f||||\||||\00|\0\fre\d
=020  \\$a2906136034
=022  \\$a11587202
=041  \\$afre
=100  \\$aJanicaud, Nicole$4cur$911831
=245  \\$aLe Clavier.$bTechniques, factures, interprétations
=260  \\$c1992$aNice$bSociété de musique ancienne de Nice
=300  \\$a128 pages
=336  \\$aprinted
=561  \\$aEx Libris Ton Koopman
=648  \0$a16th Century (1501-1600)$1http://www.wikidata.org/entity/Q7017$920944
=648  \0$a17th Century (1601-1700)$1http://www.wikidata.org/entity/Q7016$920923
=648  \0$a18th Century (1701-1800)$1http://www.wikidata.org/entity/Q7015$920899
=648  \0$a19th Century (1801-1900)$1http://www.wikidata.org/entity/Q6955$920935
=648  \0$a20th Century (1901-2000)$1http://www.wikidata.org/entity/Q6927$920936
=650  \0$aKeyboard instrument$1http://www.wikidata.org/entity/Q52954$92849
=650  \0$aOrganology$1http://www.wikidata.org/entity/Q899293$921400
=650  \0$aMusical interpretation$1http://www.wikidata.org/entity/Q1668139$94533
=942  \\$cBOO
=952  \\$00$10$2ddc$40$6INS_3A$70$8INS$98500$aORPH$bORPH$cKTS0$d2020-07-08$eKoopman$i42G36$oINS3a$p20120015$r2021-01-12 00:00:00$w2021-01-12$yBOO
=999  \\$d8509

