=LDR  01754cam a2200361 a 4500
=001  8513
=005  20250120120035.0
=008  021108s2002\\\\ne\a\\\\\bc\\\000\0deng\c
=010  \\$a  2002507503
=020  \\$a9040086761
=035  \\$a(OCoLC)ocm49563106
=040  \\$aMNN$cMNN$dUMC$dDLC
=042  \\$apcc
=100  \\$aJansen, Guido$911835
=245  10$aMichael Sweerts :$b1618-1664 /$cGuido Jansen and Peter C. Sutton ; with contributions from Jonathan Bikker ... [et al.] ; edited by Duncan Bull.
=260  \\$aAmsterdam :$bRijksmuseum,$c2002.
=300  \\$a192 p., :$bill. (some col.) ;$c30 cm.
=504  \\$a"Bibliographies and exhibitions" (p. 179-190).
=600  \0$aSweerts, Michiel$d1618-1664$1http://www.wikidata.org/entity/Q1342328$911840
=650  \0$aFine art$1http://www.wikidata.org/entity/Q219625$921579
=700  \\$aSutton, Peter C.$911837
=700  \\$aBikker, Jonathan$911838
=700  \\$aBull, Duncan$911839
=700  \\$aSweerts, Michiel$d1618-1664$1http://www.wikidata.org/entity/Q1342328$911840
=710  \\$aRijksmuseum (Amsterdam, Netherlands)$1http://www.wikidata.org/entity/Q190804$91244
=710  \\$aFine Arts Museums of San Francisco (CA, USA)$91391
=710  \\$aWadsworth Atheneum Museum of Art (Hartford, CT, USA)$1http://www.wikidata.org/entity/Q403080$91392
=856  \\$uhttp://www.loc.gov/catdir/toc/fy037/2002507503.html$3Table of contents
=942  \\$cBOO
=952  \\$00$10$2ddc$40$6BIO_SWEE2_D$70$8BIO$98504$aORPH$bORPH$cKTS1_P$d2020-07-08$eKoopman$i29F23$l0$oBIO SWEE2 d$p20121259$r2021-01-12 00:00:00$w2021-01-12$yBOO$OKoopman
=999  \\$c8513$d8513
=648  \0$a17th Century (1601-1700)$1http://www.wikidata.org/entity/Q7016$920923
=651  \0$aNetherlands$1http://www.wikidata.org/entity/Q55$9173

