=LDR  00964cam a22002414a 4500
=001  8516
=005  20250120120124.0
=008  011227s2001\\\\ne\\\\\\\b\\\\001\0\dut\\
=020  \\$a9065506713 (pbk.)
=040  \\$aOI
=041  0\$adut$beng
=100  \\$aJansen, Jeroen$4aut$911289
=245  10$aDecorum:$bobservaties over de literaire gepastheid in de renaissancistische poëtica
=260  \\$aHilversum$bVerloren$c2001
=300  \\$a439 p. ;$c24 cm.
=504  \\$aIncludes bibliographical references (p. [390]-414) and indexes.
=546  \\$aSummary in English.
=648  \0$aRenaissance (1400-1600)$1http://www.wikidata.org/entity/Q4692$920965
=650  \0$aPoetry$1http://www.wikidata.org/entity/Q482$93026
=651  \0$aEurope$1http://www.wikidata.org/entity/Q46$991
=942  \\$cBOO
=952  \\$00$10$2ddc$40$6LIT_JANS_A$70$8LIT$98507$aORPH$bORPH$cKM12_2_H$d2020-07-08$eKoopman$i45A07$oLIT JANS a$p20127442$r2021-01-12 00:00:00$w2021-01-12$yBOO
=999  \\$c8516$d8516

