=LDR  00803    a2200217   4500
=001  8517
=003  OSt
=005  20250428124009.0
=008  210209s2004\\\\\\\|||||\||||\00|\0\dut\d
=040  \\$cOI
=041  \\$adut
=100  \\$aJansen, K.$4aut$911843
=245  \\$aMusica sacra:$bzeven reportages over geloof en ongeloof in de muziek
=260  \\$aAmsterdam$c2004
=300  \\$a87 pages
=650  \0$aReligion$1http://www.wikidata.org/entity/Q9174$93062
=650  \0$aChurch music$1http://www.wikidata.org/entity/Q8812109$92283
=700  \\$4ctb$aKoopman, Ton$d1944-$1http://www.wikidata.org/entity/Q445121$910491
=942  \\$cBOO
=952  \\$00$10$2ddc$40$6GEN_2_000000000000000$70$8GEN$98508$aORPH$bORPH$cKM12_1$d2020-07-08$eKoopman$i33D19$oGEN2$p20122730$r2021-01-12 00:00:00$w2021-01-12$yBOO
=999  \\$d8517

