=LDR  00954aam a2200217   4500
=001  8519
=008  231206s2004\\\\nl\a||||\||||\00|\0\eng\d
=020  \\$a9789061942894
=041  \\$aeng
=100  \\$aJanssen, Frans A.$911845$4aut
=245  \\$aTechnique and Design in the History of Printing. $b26 essays by Frans A. Janssen
=260  \\$c2004$a't Goy-Houten$bHes & De Graaf
=300  \\$a380 pages
=610  \0$aPlantijn (Antwerp, Belgium)$1http://www.wikidata.org/entity/Q5254948$924517
=650  \0$aPrinting$1http://www.wikidata.org/entity/Q11034$921936
=650  \0$aGraphic design (Typography)$91931
=650  \0$aBook$1http://www.wikidata.org/entity/Q571$92285
=650  \0$aPrint circulation$1http://www.wikidata.org/entity/Q759811$922678
=942  \\$cBOO
=952  \\$00$10$2ddc$40$6BIB_2_000000000000000_JANS$70$8BIB$98510$aORPH$bORPH$cKTS0$d2020-07-08$eKoopman$i34B05$l0$oBIB2 JANS$p20122612$r2021-01-12 00:00:00$w2021-01-12$yBOO$OKoopman
=999  \\$d8519

