=LDR  02203aam a2200217   4500
=001  8520
=008  230509s2002\\\\||||||||\||||\00|\0\dut\d
=020  \\$a9789080562073
=041  \\$adut
=100  \\$aJanssen, Leo$d1948-$915110$4aut
=245  \\$aDe legendarische Vincent Hilhorst
=260  \\$c2002$aLaren$bVan Wĳland
=300  \\$a128 pages
=500  \\$aTravel account of 'the pilgrim' from Laren
=520  \\$aVincent, son of hospital porter and legendary city councillor Piet Hilhorst, suffered brain damage in his early childhood due to a failed smallpox vaccination. With much love from his parents, brothers and sisters, Vincent fought his way through life and cherished only one wish: a pilgrimage on foot to Santiago de Compostela in north-west Spain to be overwhelmed by the botafumeiro, the huge censer, which rumbles over the heads of pilgrims in St James' Cathedral.
Leo Janssen, a journalist, met Vincent Hilhorst when he was appointed as councillor. They became close friends in a short time. For the Laarder newspaper De Bel, Janssen kept track of Vincent's progress. They both walked their journeys that way. Vincent mostly on foot and Leo often from behind his computer. 'The legendary Vincent Hilhorst ' is a straightforward account using diary excerpts, newspaper articles and photos. "Now you have to do it alone," said youngest brother Marcel, owner of the pancake stand, on Vincent's departure from his parents' house on Barbiersweg in Laren. It became the trip of a lifetime. Lonely in the Netherlands, wandering through Belgium and wandering in France, the turnaround came at the start of the Saint-Jacques Route in Saint Jean Pied de Port. Weeping, he embraced the statue of St James after 99 days. Two weeks later, the Laren pilgrim was welcomed into the village like a true prodigal son.
=650  \0$aTravel$1http://www.wikidata.org/entity/Q61509$94440
=651  \0$1http://www.wikidata.org/entity/Q9945$aLaren (Netherlands)$9243
=651  \0$aSantiago de Compostela (Spain)$926176
=942  \\$cBOO
=952  \\$00$10$2ddc$40$6BIO_HILH_A$70$8BIO$98511$aORPH$bORPH$cKTS1_P$d2020-07-08$eKoopman$i44G21$oBIO HILH a$p20126855$r2021-01-12 00:00:00$w2021-01-12$yBOO$OKoopman
=999  \\$d8520

