=LDR  01031aam a2200217   4500
=001  8521
=008  250528s1973\\\\||||||||\||||\00|\0\dut\d
=020  \\$a9060970357
=041  \\$adut
=100  \\$aJanszoon Verwer, Willem$dfl. 1572-1581$911847$4aut
=245  \\$aMemoriaelboek:$bdagboek van gebeurtenissen te Haarlem van 1572-1581
=260  \\$aHaarlem$bSchuyt$c1973
=648  \0$a16th Century (1501-1600)$1http://www.wikidata.org/entity/Q7017$920944
=650  \0$aDiary$1http://www.wikidata.org/entity/Q185598$921711
=650  \0$aChronicle$1http://www.wikidata.org/entity/Q185363$939297
=650  \0$aHistory$1http://www.wikidata.org/entity/Q309$921403
=651  \0$aHaarlem (Netherlands)$1http://www.wikidata.org/entity/Q9920$921584
=700  1\$aTemminck, J. J.$1http://www.wikidata.org/entity/Q47456331$4edt$926178
=942  \\$cBOO
=952  \\$00$10$2ddc$40$6TOP_NL_HAA_4_000000000000000$70$8TOP$98512$aORPH$bORPH$cKTS0$d2020-07-08$eKoopman$i19F33$l0$oTOP NL.HAA 4$p20125239$r2021-01-12 00:00:00$w2021-01-12$yBOO$OKoopman
=999  \\$d8521

