=LDR  01194nam a2200229 a 4500
=001  8523
=008  980923s1997\\\\gw\ag\\\\bc\\\000\0\ger\d
=020  \\$a3905049740
=041  \\$ager
=245  10$aViola d'amore Bibliographie.$bDas Repertoire für die historische Viola d'amore von ca. 1680 bis nach 1800. Kommentiertes thematisches Verzeichnis nebst vier Exkursen zu wichtigen Komponisten
=260  \\$aWinterthur$bAmadeus$c1997
=300  \\$a224 pages$b1 column of illustrations, music$c25 cm
=650  \0$aViola d'amore$1http://www.wikidata.org/entity/Q742180$92104
=650  \0$aInstrumental music$1http://www.wikidata.org/entity/Q639197$92106
=650  \0$aVocal music$1http://www.wikidata.org/entity/Q685884$93319
=650  \0$aBibliography$1http://www.wikidata.org/entity/Q134995$93965
=700  \\$aJappe, Michael$911849$4edt
=700  \\$aJappe, Dorothea$911850$4edt
=710  \\$aSchola Cantorum Basiliensis (Basel, Switzerland)$1http://www.wikidata.org/entity/Q665530$4edt$91393
=942  \\$cBOO
=952  \\$00$10$2ddc$40$6INS_4_000000000000000_2A$70$8INS$98514$aORPH$bORPH$cKTS0$d2020-07-08$eKoopman$i28C25$l0$oINS4.2a$p20121415$r2021-01-12 00:00:00$w2021-01-12$yBOO$OKoopman
=999  \\$d8523

