=LDR  00938    a2200217   4500
=001  8524
=008  220510s1974\\\\sp\f||||\||||\00|\0\spa\d
=020  \\$a8436903250
=041  \\$aspa
=100  \\$aAyarra Jarne, Jose E.$4aut$99205
=245  \\$aHistoria de Los Grandes Organos do Coro del la Catedral de Sevilla
=260  \\$c1974$aMadrid$bPatronato Nacional De Museos
=300  \\$a187 pages
=336  \\$aprinted
=610  \0$aCatedral de Santa María de Valencia (Spain)$1http://www.wikidata.org/entity/Q1466926$924141
=650  \0$aOrgan$1http://www.wikidata.org/entity/Q1444$92810
=650  \0$aOrganology$1http://www.wikidata.org/entity/Q899293$921400
=651  \0$aSeville (Spain)$1http://www.wikidata.org/entity/Q8717$924136
=942  \\$cBOO
=952  \\$00$10$2ddc$40$6INS_3_000000000000000_1A_ES_SEV$70$8INS$98515$aORPH$bORPH$cKTS0$d2020-07-08$eKoopman$i24D08$oINS 3.1a ES.SEV$p20129136$r2021-01-12 00:00:00$w2021-01-12$yBOO
=999  \\$d8524

