=LDR  01910cam a2200325 a 4500
=001  8532
=005  20250605143419.0
=008  110808s2011\\\\ne\ag\\\\\\\\\000\0\dut\d
=010  \\$a  2011523684
=020  \\$a9789023925897
=020  \\$a9023925890
=035  \\$a(OCoLC)ocn706649976
=035  \\$a(OCoLC)706649976
=040  \\$aERASA$cERASA$dCDX$dTEF$dOCLCF$dCHVBK$dDLC
=041  \\$adut
=042  \\$alccopycat
=043  \\$ae-ne---
=100  \\$aJas, Eric$4aut$911853
=245  13$aDe Leidse koorboeken:$been ongehoorde schat
=260  \\$aZoetermeer$bBoekencentrum$c2011
=300  \\$a88 p. :$bill., music ;$c25 cm.
=520  8\$aVan de honderden koorboeken die Nederland in de zestiende eeuw rijk was, is slechts een dertiental bewaard gebleven. Zes van deze enorme, prachtige en handgeschreven boeken - een unieke, kostbare muziekschat - werden speciaal gemaakt voor het koor van de Leidse Pieterskerk, dat daar dagelijks de zeven getijden uit zong. Tot aan de Reformatie. Toen verdwenen ze voor eeuwen in een kist. Dit rijk geïllustreerde boekje vertelt het verhaal van de Leidse Koorboeken. Het leest als een spannende novelle, waarin naast de boeken ook deftige families, kleurrijke componisten, grafgangen, de handel in jongenssopranen, luie zangers en beeldenstormers een belangrijke rol spelen.
=610  \0$0(DE-588)1025274407$aGemeentearchief Leiden (Netherlands)$1http://www.wikidata.org/entity/Q7475384$91394
=648  \0$a16th Century (1501-1600)$1http://www.wikidata.org/entity/Q7017$920944
=650  \0$aChoral music$1http://www.wikidata.org/entity/Q1076513$94368
=650  \0$aManuscript$1http://www.wikidata.org/entity/Q87167$92275
=651  \0$aLeiden (Netherlands)$1http://www.wikidata.org/entity/Q43631$978
=942  \\$cBOO
=952  \\$00$10$2ddc$40$70$8BIB$98523$aORPH$bORPH$cKTS0$d2020-07-08$eKoopman$i22A43.a-b$l0$p20120090$r2021-01-12 00:00:00$w2021-01-12$yBOO
=999  \\$d8532

