=LDR  01145    a2200217   4500
=001  8533
=008  211206s1997\\\\\\\|||||\m|||\00|\0\dut\d
=041  \\$adut
=100  \\$aJas, Eric$4aut$911853
=245  \\$aDe koorboeken van de Pieterskerk te Leiden:$bhet zestiende-eeuwse muzikale erfgoed van een Hollands getijdencollege
=260  \\$c1997
=300  \\$a2 vols.
=610  \0$aPieterskerk (Leiden, Netherlands)$1http://www.wikidata.org/entity/Q1537972$91667
=650  \0$aChoir$1http://www.wikidata.org/entity/Q131186$93338
=650  \0$aChurch music$1http://www.wikidata.org/entity/Q8812109$92283
=650  \0$aManuscript$1http://www.wikidata.org/entity/Q87167$92275
=651  \0$aLeiden (Netherlands)$1http://www.wikidata.org/entity/Q43631$978
=942  \\$cBOO
=952  \\$00$10$2ddc$3vol. 1: Tekst$40$6TOP_NL_LEI$70$8TOP$98524$aORPH$bORPH$cKTS0$d2020-07-08$eKoopman$i22A43$oTOP NL.LEI$p20125590$r2021-01-12 00:00:00$w2021-01-12$yBOO
=952  \\$00$10$2ddc$3vol. 2: Afbeeldingen en muziekvoorbeelden$40$6TOP_NL_LEI$70$8TOP$98525$aORPH$bORPH$cKTS0$d2020-07-08$eKoopman$i22A43$oTOP NL.LEI$p20125589$r2021-01-12 00:00:00$w2021-01-12$yBOO
=999  \\$d8533

