=LDR  01153cam a2200253 a 4500
=001  8538
=008  100126s2009\\\\it\ah\\\\b\\\\001\0\fre\d
=010  \\$a  2010370057
=041  \\$afre
=100  \\$aJeanneret, Christine$4aut$911857
=245  12$aL'œuvre en filigrane.$bUne étude philologique des manuscrits de musique pour clavier à Rome au XVIIe siècle
=260  \\$aFlorence$bOlschki$c2009
=300  \\$axi-620 pages
=490  1\$aHistoriae Musicæ Cultores$v116
=504  \\$aIncludes bibliographical references and index.
=561  \\$aEx Libris Ton Koopman
=648  \0$a17th Century (1601-1700)$1http://www.wikidata.org/entity/Q7016$920923
=650  \0$aKeyboard music$1http://www.wikidata.org/entity/Q105715630$921412
=650  \0$aManuscript$1http://www.wikidata.org/entity/Q87167$92275
=650  \0$aKeyboard instrument$1http://www.wikidata.org/entity/Q52954$92849
=651  \0$aRome (Italy)$1http://www.wikidata.org/entity/Q220$949
=942  \\$cBOO
=952  \\$00$10$2ddc$40$6INS_3_000000000000000_2D_JEAN$70$8BIB$98529$aORPH$bORPH$cKTS0$d2020-07-08$eKoopman$i44B30$oINS3.2d JEAN$p20126683$r2021-01-12 00:00:00$w2021-01-12$yBOO
=999  \\$d8538

