=LDR  00900cam a2200205 i 4500
=001  8543
=005  20250120120035.0
=008  770324s1976\\\\mauaf\\\\b\\\\001\0\eng\\
=020  \\$a0674877357
=040  \\$aOI
=100  \\$aJenkins, Newell$911865
=245  00$aThematic catalogue of the works of Giovanni Battista Sammartini :$borchestral and vocal music /$cby Newell Jenkins and Bathia Churgin.
=260  \\$aCambridge, Mass. :$bHarvard University Press,$c1976.
=300  \\$a315 p., [5] leaves of plates :$bill. ;$c24 cm.
=504  \\$aBibliography: p. 295-302.
=600  \0$aSammartini, Giovanni Battista$d1700/01-1775$1http://www.wikidata.org/entity/Q217435$913764
=700  \\$aChurgin, Bathia$911867
=942  \\$cBOO
=952  \\$00$10$2ddc$40$6BIO_SAMM_C$70$8BIO$98534$aORPH$bORPH$cKTS1_P$d2020-07-08$eKoopman$i23G22$oBIO SAMM c$p20125735$r2021-01-12 00:00:00$w2021-01-12$yBOO$OKoopman
=999  \\$c8543$d8543

