=LDR  01434pam a2200301 a 4500
=001  8544
=005  20251001162234.0
=008  961009s1997\\\\nyua\\\\\b\\\\001\0\eng\\
=020  \\$a0820437239 (alk. paper)
=040  \\$aOI
=041  \\$aeng
=100  \\$aJensen, H. James$d-1933$4aut$911868
=245  10$aSigns and Meaning in Eighteenth-Century Art:$bEpistemology, Rhetoric, Painting, Poesy, Music, Dramatic Performance, and G.F. Handel
=246  3\$aSigns and Meanings in 18th-Century Art
=260  \\$aNew York$bLang$c1997
=300  \\$aviii-410 pages$billustrations$c24 cm
=490  \\$aAmerican University Studies XX (Fine Arts)$v33
=504  \\$aIncludes bibliographical references (p. [371]-397) and index.
=600  \0$aHandel, George Frideric$d1685-1759$1http://www.wikidata.org/entity/Q7302$94765
=648  \0$a18th Century (1701-1800)$1http://www.wikidata.org/entity/Q7015$920899
=650  \0$aAesthetics$1http://www.wikidata.org/entity/Q35986$921494
=650  \0$aOratorio$1http://www.wikidata.org/entity/Q85477$91825
=650  \0$aEmotion$1http://www.wikidata.org/entity/Q9415$921566
=650  \0$aRhetoric$1http://www.wikidata.org/entity/Q81009$93894
=651  \0$aUnited Kingdom$1http://www.wikidata.org/entity/Q21$9273
=942  \\$cBOO
=952  \\$00$10$2ddc$40$6GHM_5_000000000000000$70$8GHM$98535$aORPH$bORPH$cKM12_1$d2020-07-08$eKoopman$i25E20$oGHM5$p20129353$r2021-01-12 00:00:00$w2021-01-12$yBOO
=999  \\$d8544

