=LDR  01172    a2200241   4500
=001  8546
=008  220615s1960\\\\-gwa||||\||||\00|\0\ger\d
=041  \\$ager
=100  \\$aJeppesen, Knud$d1892-1974$4edt$1http://www.wikidata.org/entity/Q426763$96312
=245  \\$aDie Italienische Orgelmusik am Anfang des Cinquecento
=260  \\$c1960$aStuttgard$aLondon$aOslo$aStockholm$bWilhelm Hanses
=300  \\$a130+32 pages
=336  \\$aprinted
=600  \0$aCavazzoni, Marco Antonio$dc. 1490-c. 1560$1http://www.wikidata.org/entity/Q3845879$924378
=600  10$aAntico, Andrea$1http://www.wikidata.org/entity/Q2035003$924379
=648  \0$a16th Century (1501-1600)$1http://www.wikidata.org/entity/Q7017$920944
=650  \0$aOrgan$1http://www.wikidata.org/entity/Q1444$92810
=650  \0$aOrganology$1http://www.wikidata.org/entity/Q899293$921400
=650  \0$aOrgan music$1http://www.wikidata.org/entity/Q2003283$91951
=651  \0$aItaly$1http://www.wikidata.org/entity/Q38$922
=942  \\$cBOO
=952  \\$00$10$2ddc$40$6INS_3_000000000000000_1D_IT$70$8INS$98537$aORPH$bORPH$cKTS0$d2020-07-08$eKoopman$i24E02$oINS3.1d IT$p20125949$r2021-01-12 00:00:00$w2021-01-12$yBOO
=999  \\$d8546

