=LDR  01153aaa a2200241   4500
=001  8547
=005  20251027163807.0
=008  220502s1968\\\\|||ghad|\b|||\001\0\ger\d
=041  \\$ager
=100  \\$aJeppesen, Knud$d1892-1974$4aut$1http://www.wikidata.org/entity/Q426763$96312
=245  \\$aLa Frottola$nI$pBemerkungen zur Bibliographie der ältesten weltlichen Notendrucke in Italien
=260  \\$aCopenhagen$bMunksgaard$c1968
=300  \\$axxiv-171 pages
=490  \\$aActa Jutlandica$vXL:2
=648  \0$aRenaissance (1400-1600)$1http://www.wikidata.org/entity/Q4692$920965
=650  \0$aSong$1http://www.wikidata.org/entity/Q7366$94164
=650  \0$aFrottola$1http://www.wikidata.org/entity/Q944800$924057
=650  \0$aBibliography$1http://www.wikidata.org/entity/Q134995$93965
=650  \0$aCatalogue$1http://www.wikidata.org/entity/Q2352616$1http://www.wikidata.org/entity/Q6941730$921484
=651  \0$aItaly$1http://www.wikidata.org/entity/Q38$922
=942  \\$cBOO
=952  \\$00$10$2ddc$40$6TOP_IT_4_000000000000000$70$8TOP$98538$aORPH$bORPH$cKTS0$d2020-07-08$eKoopman$i44A28_01$oTOP IT 4$p20126718$r2021-01-12 00:00:00$w2021-01-12$yBOO
=999  \\$d8547

