=LDR  01151aaa a2200241   4500
=001  8549
=005  20251027164755.0
=008  220502s1970\\\\|||g||||\||||\00|\0\ger\d
=041  \\$ager
=059  \\$avv
=100  \\$aJeppesen, Knud$d1892-1974$4aut$1http://www.wikidata.org/entity/Q426763$96312
=245  \\$aLa Frottola$nIII$pFrottola und Volkslied: Zur musikalischen öberlieferung des folkloristischen Guts in der Frottola
=260  \\$c1970$aCopenhagen$b Universitetsforlaget i Aarhus
=300  \\$a329 pages
=490  \\$aActa Jutlandica$vXLII:1
=590  \\$aBeilage: Vollständige, kritische Neuausgabe vom älteren Teil des Ms.55 der Biblioteca Trivulziana, Milano
=648  \0$aRenaissance (1400-1600)$1http://www.wikidata.org/entity/Q4692$920965
=650  \0$aFrottola$1http://www.wikidata.org/entity/Q944800$924057
=650  \0$aFolklore$1http://www.wikidata.org/entity/Q36192$94595
=651  \0$aItaly$1http://www.wikidata.org/entity/Q38$922
=942  \\$cBOO
=952  \\$00$10$2ddc$40$6TOP_IT_4_000000000000000$70$8TOP$98540$aORPH$bORPH$cKTS0$d2020-07-08$eKoopman$i44A28_03$oTOP IT 4$p20126716$r2021-01-12 00:00:00$w2021-01-12$yBOO
=999  \\$d8549

