=LDR  00986    a2200217   4500
=001  8550
=008  230615s1992\\\\nl\fgh||\||||\00|\0\dut\d
=041  \\$adut
=100  \\$aJespers, Frans$911872$4aut
=245  \\$aSieur Jacobus Zeemans
=260  \\$c1992$aVoerendaal$bd'Huskes
=300  \\$a80 pages
=600  \0$1http://www.wikidata.org/entity/Q2217853$aZeemans, Jacobus$d1665-1744$926314
=648  \0$1http://www.wikidata.org/entity/Q7015$a18th Century (1701-1800)$920899
=648  \0$1http://www.wikidata.org/entity/Q7016$a17th Century (1601-1700)$920923
=650  \0$1http://www.wikidata.org/entity/Q1444$aOrgan$92810
=650  \0$1http://www.wikidata.org/entity/Q899293$aOrganology$921400
=651  \0$1http://www.wikidata.org/entity/Q40844$aBreda (Netherlands)$922638
=942  \\$cBOO
=952  \\$00$10$2ddc$40$6INS_3_000000000000000_1B_ZEEM$70$8INS$98541$aORPH$bORPH$cKTS0$d2020-07-08$eKoopman$i42A28$l0$oINS3.1b ZEEM$p20122125$r2021-01-12 00:00:00$w2021-01-12$yBOO$OKoopman
=999  \\$d8550

