=LDR  01123    a2200241   4500
=001  8552
=005  20251003085457.0
=008  220922s1983\\\\nl\\||||\||||\00|\0\dut\d
=020  \\$a9070814293
=041  \\$adut
=100  \\$aJespers, Frans$4aut$911872
=245  \\$aRepertorium van orgels en orgelmakers in Noord-Brabant tot omstreeks 1900
=260  \\$c1983$a's-Hertogenbosch$bNoordbrabants Genootschap
=300  \\$a382 pages
=648  \0$a17th Century (1601-1700)$1http://www.wikidata.org/entity/Q7016$920923
=648  \0$a18th Century (1701-1800)$1http://www.wikidata.org/entity/Q7015$920899
=648  \0$a19th Century (1801-1900)$1http://www.wikidata.org/entity/Q6955$920935
=650  \0$aCatalogue$1http://www.wikidata.org/entity/Q2352616$921484
=650  \0$aOrgan$1http://www.wikidata.org/entity/Q1444$92810
=651  \0$aNorth Brabant (Netherlands)$1http://www.wikidata.org/entity/Q1101$924978
=942  \\$cBOO
=952  \\$00$10$2ddc$40$6INS_3_000000000000000_1A_NL_BRA$70$8INS$98543$aORPH$bORPH$cKTS0$d2020-07-08$eKoopman$i24A26$l0$oINS3.1a NL.BRA$p20128702$r2021-01-12 00:00:00$w2021-01-12$yBOO$OKoopman
=999  \\$d8552

