=LDR  00770    a2200181   4500
=001  8553
=008  220920s1975\\\\nl\f||||\||||\00|\0\\\\\d
=041  \\$adut
=100  \\$aJespers, Frans$4aft$911872
=245  \\$aBrabants orgelbezit.$bEen inventarisatie van Brabantse Orgels
=260  \\$c1975$a's-Hertogenbosch
=300  \\$a136 pages
=650  \0$aOrgan$1http://www.wikidata.org/entity/Q1444$92810
=650  \0$aOrganology$1http://www.wikidata.org/entity/Q899293$921400
=651  \0$aNorth Brabant (Netherlands)$1http://www.wikidata.org/entity/Q1101$924978
=942  \\$cBOO
=952  \\$00$10$2ddc$40$6INS_3_000000000000000_1A_NL_BRA$70$8INS$98544$aORPH$bORPH$cKTS0$d2020-07-08$eKoopman$i24B29$l0$oINS3.1a NL.BRA$p20128805$r2021-01-12 00:00:00$w2021-01-12$yBOO$OKoopman
=999  \\$d8553

