=LDR  00993    a2200241   4500
=001  8554
=008  230413s1998\\\\nl\af|||\||||\00|\0\dut\d
=020  \\$a9070807483
=041  \\$adut$dfre
=245  \\$aPereboom & Leijser. $bOrgelmakers te Maastricht
=246  \1$aFacteurs d'orgue à Maastricht
=260  \\$c1998$aMaastricht$bStichting Samenwerkende Orgelvrienden Limburg
=300  \\$a256 pages
=610  \0$926060$aPereboom & Leijser
=650  \0$aOrgan$1http://www.wikidata.org/entity/Q1444$92810
=650  \0$aOrganology$1http://www.wikidata.org/entity/Q899293$921400
=651  \0$1http://www.wikidata.org/entity/Q1309$aMaastricht (Netherlands)$921732
=700  \\$4edt$911872$aJespers, Frans
=700  \\$4edt$926058$aLoo, Henk van
=700  \\$926059$aReijnaerdts, Ton
=942  \\$cBOO
=952  \\$00$10$2ddc$40$6INS_3_000000000000000_1B_PERE$70$8INS$98545$aORPH$bORPH$cKTS0$d2020-07-08$eKoopman$i24E26$l0$oINS3.1b PERE$p20125931$r2021-01-12 00:00:00$w2021-01-12$yBOO$OKoopman
=999  \\$d8554

