=LDR  00813    a2200205   4500
=001  8555
=008  230316s1976\\\\nl\o||||\||||\00|\0\dut\d
=041  \\$adut
=245  \\$aDe orgelmakers van Hirtum
=260  \\$c1976$aHilvarenbeek
=300  \\$a100 pages
=600  \0$aHirtum, Nicolaas van$925882
=650  \0$aOrganology$1http://www.wikidata.org/entity/Q899293$921400
=650  \0$aOrgan$1http://www.wikidata.org/entity/Q1444$92810
=651  \0$aHilvarenbeek (Netherlands)$1http://www.wikidata.org/entity/Q9846$925301
=700  \\$4edt$911872$aJespers, Frans
=700  1\$4edt$aSleuwen, Ad van$925881
=942  \\$cBOO
=952  \\$00$10$2ddc$40$6INS_3_000000000000000_1B_HIRT$70$8INS$98546$aORPH$bORPH$cKTS0$d2020-07-08$eKoopman$i31E50$l0$oINS3.1b HIRT$p20123183$r2021-01-12 00:00:00$w2021-01-12$yBOO$OKoopman
=999  \\$d8555

