=LDR  01336nam a2200301 a 4500
=001  8558
=005  20250121142123.0
=008  870904s1986\\\\gw\a\\\\\b\\\\001\0\ger\\
=020  \\$a3770115600
=040  \\$aOI
=041  \\$ager
=100  \\$aJetter, Dieter$4aut$911874
=245  14$aDas europäische Hospital.$bVon der Spätantike bis 1800
=260  \\$aCologne$bDuMont$c1986
=300  \\$a255 pages$billustrations$c21 cm
=490  0\$aDuMont Dokumente
=504  \\$aBibliography: p. 235-245.
=648  \0$aClassical Antiquity (8th Century BC-6th Century AD)$1http://www.wikidata.org/entity/Q486761$921435
=648  \0$aMiddle Ages (500-1400)$1http://www.wikidata.org/entity/Q12554$920964
=648  \0$aRenaissance (1400-1600)$1http://www.wikidata.org/entity/Q4692$920965
=648  \0$a17th Century (1601-1700)$1http://www.wikidata.org/entity/Q7016$920923
=648  \0$a18th Century (1701-1800)$1http://www.wikidata.org/entity/Q7015$920899
=650  \0$aMedicine$1http://www.wikidata.org/entity/Q11190$921959
=650  \0$aArchitecture$1http://www.wikidata.org/entity/Q12271$93185
=651  \0$aEurope$1http://www.wikidata.org/entity/Q46$991
=942  \\$cBOO
=952  \\$00$10$2ddc$40$6SCI_JETT$70$8SCI$98549$aORPH$bORPH$cKM12_1$d2020-07-08$eKoopman$i40D15$l0$oSCI JETT$p20122301$r2021-01-12 00:00:00$w2021-01-12$yBOO
=999  \\$d8558

