=LDR  01495cam a2200301 a 4500
=001  8565
=005  20250926140154.0
=008  811110s1980\\\\gw\acgh\\bc\\\000\0bger\\
=020  \\$a3795202922 :$cDM90.00
=040  \\$aOI
=041  \\$ager
=100  \\$aJohn, Hans$4aut$911879
=245  14$aDer Dresdner Kreuzkantor und Bach-Schüler Gottfried August Homilius:$bein Beitrag zur Musikgeschichte Dresdens im 18. Jahrhundert
=260  \\$aTutzing$bSchneider$c1980
=300  \\$axii-263 pages$billustrations, portraits, music, facsimiles$c24 cm
=504  \\$aBibliography: p. 258-263.
=600  \0$aHomilius, Gottfried August$d1714-1785$1http://www.wikidata.org/entity/Q451484$99273
=600  \0$aBach, Johann Sebastian$d1685-1750$1http://www.wikidata.org/entity/Q1339$94766
=610  \0$aKreuzkirche (Dresden, Germany)$1http://www.wikidata.org/entity/Q301607$923205
=648  \0$a18th Century (1701-1800)$1http://www.wikidata.org/entity/Q7015$920899
=650  \0$aComposer$1http://www.wikidata.org/entity/Q36834$93625
=650  \0$aBiography$1http://www.wikidata.org/entity/Q36279$91927
=650  \0$aMusic history$1http://www.wikidata.org/entity/Q846047$921373
=650  \0$aCantor$1http://www.wikidata.org/entity/Q330679$923204
=651  \0$aDresden (Germany)$1http://www.wikidata.org/entity/Q1731$947
=942  \\$cBOO
=952  \\$00$10$2ddc$40$6BIO_HOMI_D$70$8BIO$98556$aORPH$bORPH$cKTS1_P$d2020-07-08$eKoopman$i23F05$oBIO HOMI d$p20128912$r2021-01-12 00:00:00$w2021-01-12$yBOO
=999  \\$d8565

