=LDR  00722aam a2200181   4500
=001  8566
=008  211115s1978\\\\\\\oaf||\||||\001\0\eng\d
=041  \\$aeng
=100  \\$aJohnson, Paul$4aut$911880
=245  \\$aThe National Trust Book of British Castles
=260  \\$aLondon$bBook Club Associates$c1978
=300  \\$a288 pages
=650  \0$aCastle$1http://www.wikidata.org/entity/Q23413$92088
=650  \0$aArchitecture$1http://www.wikidata.org/entity/Q12271$93185
=651  \0$aUnited Kingdom$1http://www.wikidata.org/entity/Q21$9273
=942  \\$cBOO
=952  \\$00$10$2ddc$40$6TOP_GB_0_000000000000000$70$8TOP$98557$aORPH$bORPH$cKTS0$d2020-07-08$eKoopman$i18A14$oTOP GB 0$p20127037$r2021-01-12 00:00:00$w2021-01-12$yBOO
=999  \\$d8566

