=LDR  00844aca a2200229   4500
=001  8569
=003  OSt
=005  20250121142123.0
=008  210205b\\\\\\\\\\\||l||\||||\00|\0\ger\d
=040  \\$cBF
=041  \\$ager$dlat
=059  \\$aSATB SATB 2hrn 2vn vla bc
=100  \\$aJommelli, Niccolò$d1714-1774$4cmp$1http://www.wikidata.org/entity/Q312891$94785
=245  \\$aTe Deum in D
=260  \\$aStuttgart$bCarus$c1986
=648  \0$a18th Century (1701-1800)$1http://www.wikidata.org/entity/Q7015$920899
=650  \0$aChurch music$1http://www.wikidata.org/entity/Q8812109$92283
=700  \\$4edt$aMüller, H.$912904
=700  \\$4edt$aHochstein, Wolfgang$911598
=942  \\$cSCO
=952  \\$00$10$2ddc$40$6SCO_JOMM$70$8SCO$98560$aORPH$bORPH$cKTS1_P$d2020-07-08$eKoopman$iWG.1872$oSCO JOMM$p20124299$r2021-01-12 00:00:00$w2021-01-12$ySCO
=999  \\$d8569

