=LDR  01430aca a2200229   4500
=001  8570
=008  220321s1986\\\\|||||l||\||||\00|\0\ger\d
=041  \\$ager$dlat
=059  \\$a5v bc
=100  \\$aJommelli, Niccolò$d1714-1774$4cmp$1http://www.wikidata.org/entity/Q312891$94785
=245  \\$aSieben kleine Kirchenkompositionen für 1-5 Solostimmen und Generalbass
=260  \\$aLottstetten$aWaldshut$bKunzelmann$c1986
=505  \\$gBene fundata est : für Tenor und Generalbass -- Juravit Dominus : für Sopran, Alt und Generalbass -- Domus mea : für Sopran, Alt und Generalbass -- Haec est domus Domini : für 2 Soprane, Tenor, Bass und Generalbass -- Diffusa est gratia : Graduale : für 2 Soprane, Alt und Generalbass -- Diffusa est gratia : Offertorium : für Sopran, Alt, 2 Tenöre und Generalbass -- Locus iste : für 2 Soprane, Alt, Tenor, Bass und Generalbass
=561  \\$aEx libris Laura Dobbenga
=648  \0$a18th Century (1701-1800)$1http://www.wikidata.org/entity/Q7015$920899
=650  \0$aChurch music$1http://www.wikidata.org/entity/Q8812109$92283
=650  \0$aBasso continuo$1http://www.wikidata.org/entity/Q724321$921065
=651  \0$aItaly$1http://www.wikidata.org/entity/Q38$922
=700  \\$4edt$aHochstein, Wolfgang$911598
=942  \\$cSCO
=952  \\$00$10$2ddc$40$6SCO_JOMM$70$8SCO$98561$aORPH$bORPH$cKTS1_P$d2020-07-08$eKoopman$iWG.2510$oSCO JOMM$p20121904$r2021-01-12 00:00:00$w2021-01-12$ySCO
=999  \\$d8570

