=LDR  01758cam a2200337 a 4500
=001  8571
=005  20250120120005.0
=008  811014s1982\\\\miuag\\\\b\\\\001\0\eng\\
=020  \\$a0835712435 (set)
=020  \\$a0835712575 (v. 1)
=020  \\$a0835712583 (v. 2)
=040  \\$aOI
=100  1\$aJones, Andrew V.,$d1947-
=245  14$aThe Motets of Carissimi
=260  \\$aAnn Arbor, MI$bUMI Research Press$c1982
=300  \\$a2 v. :$btabs., music ;$c24-29 cm.
=490  \\$aStudies in British Musicology
=500  \\$aA revision of the author's thesis, Oxford University, 1980.
=500  \\$aVol. 2 contains scores of the motets.
=504  \\$aBibliography: p. 339-347.
=600  \0$aCarissimi, Giacomo$d1605-1674$tMotets.$1http://www.wikidata.org/entity/Q312686$910544
=648  \0$a17th Century (1601-1700)$1http://www.wikidata.org/entity/Q7016$920923
=650  \0$aMotets
=650  \0$aMusic history$1http://www.wikidata.org/entity/Q846047$921373
=651  \0$aRome (Italy)$1http://www.wikidata.org/entity/Q220$949
=942  \\$cBOO
=952  \\$00$10$2ddc$3vol. 1$40$6BIO_CARI_E$70$8BIO$98562$aORPH$bORPH$cKTS1_P$d2020-07-08$eKoopman$i18B58-1.1$oBIO CARI e$p20127740$r2021-01-12 00:00:00$w2021-01-12$yBOO$OKoopman
=952  \\$00$10$2ddc$3vol. 1$40$6BIO_CARI_E$70$8BIO$98563$aORPH$bORPH$cKTS1_P$d2020-07-08$eKoopman$i18B58-1.2$oBIO CARI e$p20127739$r2021-01-12 00:00:00$w2021-01-12$yBOO
=952  \\$00$10$2ddc$3vol. 2$40$6BIO_CARI_E$70$8BIO$98564$aORPH$bORPH$cKTS1_P$d2020-07-08$eKoopman$i18B58-2.1$oBIO CARI e$p20127738$r2021-01-12 00:00:00$w2021-01-12$yBOO
=952  \\$00$10$2ddc$3vol. 2$40$6BIO_CARI_E$70$8BIO$98565$aORPH$bORPH$cKTS1_P$d2020-07-08$eKoopman$i18B58-2.2$oBIO CARI e$p20127737$r2021-01-12 00:00:00$w2021-01-12$yBOO
=999  \\$d8571

