=LDR  01021    a2200253   4500
=001  8575
=005  20250926134855.0
=008  210712e1978\\\\\\\||nn|\||||\00|\0\ger\
=040  \\$aMB
=041  \\$ager
=100  \\$aBach, Johann Sebastian$d1685-1750$4cmp$1http://www.wikidata.org/entity/Q1339$94766
=245  \\$aKritischer Bericht: Erster Teil der Klavierübung
=260  \\$c1978$aGermany$bBärenreiter
=300  \\$a83$bmusic
=336  \\$aprinted
=490  \\$aNeue Ausgabe Sämtlicher Werke$vSerie V: 1
=648  \0$a18th Century (1701-1800)$1http://www.wikidata.org/entity/Q7015$920899
=650  \0$aLute$1http://www.wikidata.org/entity/Q180733$93944
=650  \0$aPiano$1http://www.wikidata.org/entity/Q5994$92127
=651  \0$aGermany$1http://www.wikidata.org/entity/Q183$9155
=700  \\$4edt$aJones, Richard Douglas$911885
=942  \\$cSCO
=952  \\$00$10$2ddc$40$6SCO_BACH1$70$8MTP$98566$aORPH$bORPH$cKTS1_P$d2020-07-08$eKoopman$i29A01$l0$oSCO BACH1$p20123493$r2021-01-12 00:00:00$yTYPE_UNK
=999  \\$c8575$d8575

