=LDR  00657aam a2200169   4500
=001  8576
=008  250902s1991\\\\||||||||\||||\00|\0\dut\d
=020  \\$a9789028851344
=041  \\$adut
=100  \\$aJong, H. de$911886$4aut
=245  \\$aAmsterdam en de Jordaan
=260  \\$aZaltbommel$bEuropese Bibliotheek$c1991
=650  \0$aCultural history$1http://www.wikidata.org/entity/Q858517$922395
=651  \0$aAmsterdam (Netherlands)$1http://www.wikidata.org/entity/Q727$9135
=942  \\$cBOO
=952  \\$00$10$2ddc$40$6TOP_NL_AMS$70$8TOP$98567$aORPH$bORPH$cKTS0$d2020-07-08$eKoopman$i34D07$l0$oTOP NL.AMS$p20120865$r2021-01-12 00:00:00$w2021-01-12$yBOO$OKoopman
=999  \\$d8576

