=LDR  01696cam a2200313 a 4500
=001  8577
=005  20250926134855.0
=008  851220s1985\\\\ne\a\\\\\bk\\\000\0\dut\\
=020  \\$a9062552390 (set)
=040  \\$aOI
=041  \\$adut
=245  00$a1685:$bEuropa en de muziek
=260  \\$aZutphen$bTerra$c1985
=300  \\$a4 vols.$billustrations$c16 cm
=504  \\$aIncludes bibliographies and discographies.
=505  0\$a[1] Bach, Händel, Scarlatti en hun tijd / Lucas van Dijck, Jan Nachelmans, Jan Taat -- [2] Bach / Jan Rubinstein, Luc van Hasselt, Ton Koopman -- [3] Händel / Jack Loorij, Pieter Fischer, Nikolaus Harnoncourt -- [4] Scarlatti / Janny de Jong ... [et al.]
=600  \0$aBach, Johann Sebastian$d1685-1750$1http://www.wikidata.org/entity/Q1339$94766
=600  \0$aHandel, George Frideric$d1685-1759$1http://www.wikidata.org/entity/Q7302$94765
=600  \0$aScarlatti, Domenico$d1685-1757$1http://www.wikidata.org/entity/Q167837$95383
=648  \0$a18th Century (1701-1800)$1http://www.wikidata.org/entity/Q7015$920899
=650  \0$aMusic history$1http://www.wikidata.org/entity/Q846047$921373
=650  \0$aComposer$1http://www.wikidata.org/entity/Q36834$93625
=650  \0$aCuckoo$1http://www.wikidata.org/entity/Q18845$922474
=651  \0$aEurope$1http://www.wikidata.org/entity/Q46$991
=700  \\$aKoopman, Ton$d1944-$4ctb$1http://www.wikidata.org/entity/Q445121$910491
=700  \\$aHarnoncourt, Nikolaus$d1929-2016$4ctb$1http://www.wikidata.org/entity/Q78526$917150
=942  \\$cBOO
=952  \\$00$10$2ddc$40$6BIO_SCAR2_D$70$8BIO$98568$aORPH$bORPH$cKTS1_P$d2020-07-08$eKoopman$i24F34$oBIO SCAR2 d$p20125851$r2021-01-12 00:00:00$w2021-01-12$yBOO
=999  \\$d8577

