=LDR  01223cam a2200265 a 4500
=001  8578
=005  20250120120035.0
=008  881003m19889999ne\a\\\\\c\\\f001\0\dut\\
=020  \\$a9012055814 (v. 1)
=040  \\$aOI
=110  \\$aRijksmuseum (Amsterdam, Netherlands)$1http://www.wikidata.org/entity/Q190804$91244
=245  10$aOrnamentprenten in het Rijksprentenkabinet /$cMarijnke de Jong, Irene de Groot.
=260  \\$aAmsterdam :$bHet Kabinet ;$a's-Gravenhage :$bStaatsuitgeverij,$cc1988.
=300  \\$av. <1   > :$bill. ;$c30 cm.
=505  1\$a1. 15de & 16de eeuw.
=650  \0$aFine art$1http://www.wikidata.org/entity/Q219625$921579
=650  \0$aFine art$1http://www.wikidata.org/entity/Q219625$921579
=650  \0$aFine art$1http://www.wikidata.org/entity/Q219625$921579
=610  \0$aRijksmuseum (Amsterdam, Netherlands)$1http://www.wikidata.org/entity/Q190804$91244
=700  \\$aJong, Marijnke de$911887
=700  \\$aGroot, Irene de$911888
=942  \\$cBOO
=952  \\$00$10$2ddc$40$6VIS_JONG$70$8VIS$98569$aORPH$bORPH$cKTS1_H$d2020-07-08$eKoopman$i19G04$l0$oVIS JONG$p20125212$r2021-01-12 00:00:00$w2021-01-12$yBOO$OKoopman
=999  \\$c8578$d8578
=651  \0$aNetherlands$1http://www.wikidata.org/entity/Q55$9173

