=LDR  00966aam a2200217   4500
=001  8580
=008  221123s2014\\\\nl\f||||\||||\00|\0\dut\d
=020  \\$a9789082051025
=041  \\$adut
=245  \\$aEen hemels cieraad van harmonie.$bHet orgel van de Waalse Kerk te Leiden in prospectief
=260  \\$aGorssel$bErve Muziek$c2014
=300  \\$a264 pages
=610  \0$aWaalse Kerk (Leiden, Netherlands)$1http://www.wikidata.org/entity/Q2272913$925370
=650  \0$aOrgan$1http://www.wikidata.org/entity/Q1444$92810
=650  \0$aOrganology$1http://www.wikidata.org/entity/Q899293$921400
=651  \0$aLeiden (Netherlands)$1http://www.wikidata.org/entity/Q43631$978
=700  \\$4edt$aSteensma, Jaap J.$925369
=700  \\$4edt$aDijk, Peter van$919446
=942  \\$cBOO
=952  \\$00$10$2ddc$40$6INS_3_000000000000000_1E_NL_LEI$70$8INS$98571$aORPH$bORPH$cKTS0$d2020-07-08$eKoopman$i44D11$l0$oINS3.1e NL.LEI$p20126628$r2021-01-12 00:00:00$w2021-01-12$yBOO$OKoopman
=999  \\$d8580

