=LDR  01283cam a2200301 a 4500
=001  8581
=008  060119s2005\\\\nl\ach\\\b\\\\000\0\dut\d
=020  \\$a9059941047
=020  \\$a9789059941045
=041  \\$adut
=042  \\$alccopycat
=043  \\$ae-ne---
=245  13$aDe pianola in Nederland.$bDe geschiedenis van een 100-jarig historisch en muzikaal bezien belangrijk mechanisch instrument
=260  \\$aZaltbommel $bAprilis$cc2005
=300  \\$a136 p.$bill., ports., facsims. $c23 x 23 cm
=336  \\$aprinted
=504  \\$aIncludes bibliographical references
=650  \0$aKeyboard instrument$1http://www.wikidata.org/entity/Q52954$92849
=650  \0$aOrganology$1http://www.wikidata.org/entity/Q899293$921400
=650  \0$aPlayer piano$1http://www.wikidata.org/entity/Q593995$922623
=650  \0$aMechanical musical instrument$1http://www.wikidata.org/entity/Q8614972$926213
=651  \0$aNetherlands$1http://www.wikidata.org/entity/Q55$9173
=700  1\$aJongen, Jo$4aut
=700  \\$aMattaar, Frans$4aut$923475
=700  \\$aStrengers, Hendrik$4aut$923477
=942  \\$cBOO
=952  \\$00$10$2ddc$40$6INS_10_000000000000000_9A_JONG$70$8INS$98572$aORPH$bORPH$cKTS0$d2020-07-08$eKoopman$i29C05$oINS10.9a JONG$p20123479$r2021-01-12 00:00:00$w2021-01-12$yBOO
=999  \\$d8581

