=LDR  01361    a2200265   4500
=001  8583
=008  221103s1987\\\\nl\f||||\||||\00|\0\dut\d
=020  \\$a9090016627
=041  \\$adut
=245  \\$aHet Van Hagerbeer / Schnitger-orgel in de Grote- of St. Laurenskerk te Alkmaar
=260  \\$aAlkmaar$bTer Burg$c1987
=300  \\$a208 pages
=600  \0$1http://www.wikidata.org/entity/Q60787$aSchnitger, Arp$d1648-1719$910906
=610  \0$1http://www.wikidata.org/entity/Q98884552$aHagerbeer family$926263
=610  \0$1http://www.wikidata.org/entity/Q639909$aGrote of Sint-Laurenskerk (Alkmaar, Netherlands)$91279
=648  \0$1http://www.wikidata.org/entity/Q7016$a17th Century (1601-1700)$920923
=648  \0$1http://www.wikidata.org/entity/Q7015$a18th Century (1701-1800)$920899
=650  \0$aOrgan$1http://www.wikidata.org/entity/Q1444$92810
=650  \0$aOrganology$1http://www.wikidata.org/entity/Q899293$921400
=651  \0$aAlkmaar (Netherlands)$1http://www.wikidata.org/entity/Q16977290$921456
=700  \\$4edt$aJongepier, Jan$d1941-2011$1http://www.wikidata.org/entity/Q1681910$919428
=700  \\$4ctb$aBiezen, Jan van$99615
=942  \\$cBOO
=952  \\$00$10$2ddc$40$6INS_3_000000000000000_1E_NL_ALK$70$8INS$98574$aORPH$bORPH$cKTS0$d2020-07-08$eKoopman$i19C02$l0$oINS3.1e NL.ALK$p20127935$r2021-01-12 00:00:00$w2021-01-12$yBOO$OKoopman
=999  \\$d8583

