=LDR  00767    a2200181   4500
=001  8587
=008  231006s1996\\\\nl\a||||\||||\00|\0\dut\d
=041  \\$adut
=100  \\$aJongepier, Jan$d1941-2011$1http://www.wikidata.org/entity/Q1681910$919428
=245  \\$aHet Haupt-orgel in de Hervormde kerk te Markelo
=260  \\$c1996$aMarkelo$bStichting tot behoud van het Nederlandse Orgel
=300  \\$a23 pages
=610  \0$926592$aHervormde kerk (Markelo, Netherlands)
=650  \0$1http://www.wikidata.org/entity/Q1444$aOrgan$92810
=651  \0$926593$aMarkelo (Netherlands)
=942  \\$cBOO
=952  \\$00$10$2ddc$40$6INS_31E_NL_MAR$70$8INS$98578$aORPH$bORPH$cKTS0$d2020-07-08$eKoopman$i24D24$l0$oINS3,1e NL.MAR$p20129114$r2021-01-12 00:00:00$w2021-01-12$yBOO$OKoopman
=999  \\$d8587

