=LDR  01033cam a22002174a 4500
=001  8590
=005  20250120120101.0
=008  050427s2004\\\\ne\a\\\\\b\\\\001\0\dut\\
=041  \\$adut
=100  \\$aJongepier, Jan$d1941-2011$4aut$1http://www.wikidata.org/entity/Q1681910$919428
=245  10$aVijf eeuwen Friese orgelbouw. $bEen schoone voorraad waarlyk 
=260  \\$aLeeuwarden $bFriese Pers Boekerij$c2004
=300  \\$a224 pages$bill. (chiefly col.) $c29 cm
=504  \\$aIncludes bibliographical references (p. 217) and index.
=650  \0$aOrgan$1http://www.wikidata.org/entity/Q1444$92810
=650  \0$aOrganology$1http://www.wikidata.org/entity/Q899293$921400
=651  \0$aNetherlands$1http://www.wikidata.org/entity/Q55$9173
=651  \0$aFriesland (Netherlands)$1http://www.wikidata.org/entity/Q770$921961
=942  \\$cBOO
=952  \\$00$10$2ddc$40$6INS_3_000000000000000_1A_NL_FRI$70$8INS$98581$aORPH$bORPH$cKTS0$d2020-07-08$eKoopman$i33B08$l0$oINS3.1a NL.FRI$p20122773$r2021-01-12 00:00:00$w2021-01-12$yBOO$OKoopman
=999  \\$d8590

