=LDR  01235cam a2200277 a 4500
=001  8598
=005  20250120115850.0
=008  080905s2008\\\\ne\a\\\\\b\\\\000\0\dut\d
=020  \\$a9789040084706
=040  \\$aOI
=041  \\$adut
=100  \\$aJongh, E. de$4aut$911894
=245  10$aMuziek aan de muur:$bmuzikale voorstellingen in de Nederlanden 1500-1700
=260  \\$aZwolle$bWaanders$a's-Hertogenbosch$bNoordbrabants Museum$c2008
=300  \\$a112 pages$bcol. ill. ;$c25 cm.
=504  \\$aIncludes bibliographical references.
=590  \\$aEddy de Jongh ; [woord vooraf, Charles de Mooij].
=648  \0$a16th Century (1501-1600)$1http://www.wikidata.org/entity/Q7017$920944
=648  \0$a17th Century (1601-1700)$1http://www.wikidata.org/entity/Q7016$920923
=650  \0$aFine art$1http://www.wikidata.org/entity/Q219625$921579
=650  \0$aInstrumentalist$1http://www.wikidata.org/entity/Q1278335$921706
=651  \0$aNetherlands$1http://www.wikidata.org/entity/Q55$9173
=700  \\$aMooij, Charles C. M. de$d-1957$4win$911895
=942  \\$cBOO
=952  \\$00$10$2ddc$40$6TOP_NL_5_000000000000000$70$8TOP$98589$aORPH$bORPH$cKTS0$d2020-07-08$eKoopman$i29C34$oTOP NL 5$p20123448$r2021-01-12 00:00:00$w2021-01-12$yBOO
=999  \\$d8598

