=LDR  01579cam a2200301 a 4500
=001  8601
=005  20250926134855.0
=008  940616s1996\\\\ilua\\\\\b\\\s001\0beng\\
=020  \\$a0809319756
=040  \\$aOI
=100  \\$aJorgenson, Dale A.$911897
=245  14$aThe life and legacy of Franz Xaver Hauser :$ba forgotten leader in the nineteenth-century Bach movement /$cDale A. Jorgenson.
=260  \\$aCarbondale :$bSouthern Illinois University Press,$cc1996.
=300  \\$axii, 297 p. :$bill. ;$c25 cm.
=504  \\$aIncludes bibliographical references (p. 279-285) and index.
=600  \0$aHauser, Franz$d1794-1870$1http://www.wikidata.org/entity/Q95177112$911898
=650  \0$aMusic teacher$1http://www.wikidata.org/entity/Q16145150$93068
=600  \0$aBach, Johann Sebastian$d1685-1750$1http://www.wikidata.org/entity/Q1339$94766
=650  \0$aMusic$92062
=856  \\$uhttp://www.loc.gov/catdir/enhancements/fy0732/94003476-b.html$3Contributor biographical information
=856  \\$uhttp://www.loc.gov/catdir/enhancements/fy0732/94003476-d.html$3Publisher description
=942  \\$cBOO
=952  \\$00$10$2ddc$40$6BIO_HAUS_D$70$8BIO$98592$aORPH$bORPH$cKTS1_P$d2020-07-08$eKoopman$i31A2$l0$oBIO HAUS d$p20121171$r2021-01-12 00:00:00$w2021-01-12$yBOO$OKoopman
=999  \\$c8601$d8601
=651  \0$aGermany$1http://www.wikidata.org/entity/Q183$9155
=648  \0$a19th Century (1801-1900)$1http://www.wikidata.org/entity/Q6955$920935
=650  \0$aMusic history$1http://www.wikidata.org/entity/Q846047$921373
=650  \0$aBiography$1http://www.wikidata.org/entity/Q36279$91927

