=LDR  01078cam a2200253 i 4500
=001  8602
=005  20250623111716.0
=008  790327s1979\\\\miufg\\\\b\\\\001\0beng\\
=020  \\$a0835709906
=020  \\$a0835709914 (pbk.)
=040  \\$aOI
=100  \\$aJosephson, David S.$d-1942$911900
=245  10$aJohn Taverner, Tudor composer /$cby David S. Josephson.
=260  \\$aAnn Arbor, Mich. :$bUMI Research Press,$c1979.
=300  \\$axvi, 283 p., [16] leaves of plates :$bmusic ;$c24 cm.
=504  \\$aBibliography: p. [257]-270.
=600  \0$aTaverner, John$dc. 1490-1545$1http://www.wikidata.org/entity/Q315353$911901
=610  \0$aHouse of Tudor$1http://www.wikidata.org/entity/Q101978$922790
=651  \0$aUnited Kingdom$1http://www.wikidata.org/entity/Q21$9273
=650  \0$aComposer$1http://www.wikidata.org/entity/Q36834$93625
=942  \\$cBOO
=952  \\$00$10$2ddc$40$6BIO_TAVE_D$70$8BIO$98593$aORPH$bORPH$cKTS1_P$d2020-07-08$eKoopman$i33C05$l0$oBIO TAVE d$p20123020$r2021-01-12 00:00:00$w2021-01-12$yBOO$OKoopman
=999  \\$c8602$d8602
=490  \\$aStudies in musicology ;

