=LDR  00763aam a2200193   4500
=001  8605
=005  20250925143258.0
=008  220907s1975\\\\||||||||\||||\00|\f\eng\d
=020  \\$a0140014772
=041  \\$aeng
=100  \\$aJoyce, James$d1882-1941$4aut$1http://www.wikidata.org/entity/Q6882$911904
=245  \\$aA Portrait of the Artist as a Young Man
=260  \\$aMiddlesex$bPenguin$c1975
=534  \\$aOriginally published in 1916
=648  \0$a20th Century (1901-2000)$1http://www.wikidata.org/entity/Q6927$920936
=650  \0$aNovel$1http://www.wikidata.org/entity/Q8261$921629
=942  \\$cBOO
=952  \\$00$10$2ddc$40$6LIT_JOYC_A$70$8LIT$98596$aORPH$bORPH$cKM12_2_H$d2020-07-08$eKoopman$i40A21$oLIT JOYC a$p20120340$r2021-01-12 00:00:00$w2021-01-12$yBOO
=999  \\$d8605

