=LDR  00959cam a2200241 a 4500
=001  8606
=005  20250109133336.0
=008  811027s1981\\\\miug\\\\\b\\\\001\0\eng\\
=020  \\$a0835711900
=040  \\$aOI
=100  1\$aJoyce, John J.$q(John Joseph),$d1939-
=245  14$aThe monodies of Sigismondo d'India /$cby John J. Joyce.
=260  \\$aAnn Arbor, Mich. :$bUMI Research Press,$c[1981]
=300  \\$axvi, 275 p. :$bmusic ;$c24 cm.
=500  \\$aRevision of thesis--Tulane University, 1975.
=504  \\$aBibliography: p. [267]-270.
=600  10$aD'India, Sigismondo,$dapproximately 1580-1629.$tSongs.
=650  \0$aSongs with continuo
=952  \\$00$10$2ddc$40$6BIO_INDI_E$70$8BIO$98597$aORPH$bORPH$cKTS1_P$d2020-07-08$eKoopman$i23A13$l0$oBIO INDI e$p20128504$r2021-01-12 00:00:00$w2021-01-12$yBOO$OKoopman
=999  \\$c8606$d8606
=490  \\$aStudies in musicology ;
=650  \0$aMusic history$1http://www.wikidata.org/entity/Q846047$921373
=942  \\$cBOO

