=LDR  02483aam a2200313   4500
=001  8607
=005  20251012153910.0
=008  211028s1992\\\\|||gf|||\||||\01|\0\eng\d
=020  \\$a0906894212
=041  \\$aeng
=100  \\$aJeans, Susi$cLady$d1911-1993$4dte$922916
=245  \\$aAspects of Keyboard Music - Essays in honour of Susi Jeans
=260  \\$c1992$aOxfors$bPositif Press
=300  \\$a190 pages
=505  \\$aC. Clutton: The Influence of Susi Jeans (10) -- P. le Huray: Dom Bedos, Engramelle, and Performance Practice (13) -- H. Diack Johnstone: The English Beat (34) -- Chr. Kent: J. S. Bach and the "livre d'orgue" of Nicolas de Grigny (45) -- H. J. McLean: The Organ Works of Heinrich Nicolaus Gerber (60) -- M. Mason: Michigan's "Klingende Wunder": the Fisk Re-creation of a Silbermann at the University of Michigan (81) -- B. Matthews: Thomas Swarbick - The End of a Line (95) -- D. Moroney: A New Completion for Bach's Unfinished Fugue BWV.906/2 (113) -- T. J. Rishton: The Eighteenth-Century British Keyboard Concerto after Handel (121) -- J. Steele: Continuo Accompaniment for Full Voices: Some Explanations, Difficulties, and Embarrassments in the Music of Peter Philips (140) -- R. Vendome: Oxford, Christ Church Mus.Ms.89: Techniques of Verset Composition (155) -- P. Williams: How did the organ come to be a church instrument? Further questions about music and the church of Rome (172)
=600  \0$aEngramelle, Marie-Dominique-Joseph$d1727-1805$1http://www.wikidata.org/entity/Q3291745$95742
=600  \0$aDom Bédos de Celles$d1709-1779$1http://www.wikidata.org/entity/Q928760$95880
=600  \0$aBach, Johann Sebastian$d1685-1750$1http://www.wikidata.org/entity/Q1339$94766
=600  \0$aHandel, George Frideric$d1685-1759$1http://www.wikidata.org/entity/Q7302$94765
=648  \0$a17th Century (1601-1700)$1http://www.wikidata.org/entity/Q7016$920923
=648  \0$a18th Century (1701-1800)$1http://www.wikidata.org/entity/Q7015$920899
=650  \0$aKeyboard instrument$1http://www.wikidata.org/entity/Q52954$92849
=650  \0$aKeyboard music$1http://www.wikidata.org/entity/Q105715630$921412
=650  \0$aMusic criticism$1http://www.wikidata.org/entity/Q11748889$921598
=651  \0$aEurope$1http://www.wikidata.org/entity/Q46$991
=700  \\$4edt$aJudd, Robert$911905
=942  \\$cBOO
=952  \\$00$10$2ddc$40$6INS_3A$70$8INS$98598$aORPH$bORPH$cKTS0$d2020-07-08$eKoopman$i19B41$oINS3a$p20125079$r2021-01-12 00:00:00$w2021-01-12$yBOO
=999  \\$d8607

