=LDR  00357    a2200109   4500
=001  8609
=100  \\$aJudson, J. R.$911907
=245  \\$aGerrit van Honthorst
=260  \\$c1959
=942  \\$cBOO
=952  \\$00$10$2ddc$40$6BIO_HONT_E$70$8BIO$98600$aORPH$bORPH$cKTS1_P$d2020-07-08$eKoopman$i47E37$oBIO HONT e$p20123829$r2021-01-12 00:00:00$w2021-01-12$yBOO$OKoopman
=999  \\$c8609$d8609

