=LDR  00366    a2200121   4500
=001  8612
=008  211102|\\\\\\\\-uko||||\||||\00|\0\eng\d
=041  \\$aeng
=245  \\$aGudrun
=260  \\$c1947
=942  \\$cBOO
=952  \\$00$10$2ddc$40$6LIT_JUNG_A$70$8LIT$98603$aORPH$bORPH$cKM12_2_H$d2020-07-08$eKoopman$i40B10$oLIT JUNG a$p20120323$r2021-01-12 00:00:00$w2021-01-12$yBOO
=999  \\$d8612

