=LDR  01213cam a2200277 a 4500
=001  8613
=005  20250121142123.0
=008  090116s2008\\\\gw\agh\\\bm\\\001\0\ger\d
=020  \\$a9783761819982 (pbk.)
=020  \\$a3761819986 (pbk.)
=040  \\$aOI
=041  \\$ager
=100  \\$aJungius, Christiane$4aut$911911
=245  10$aTelemanns Frankfurter Kantatenzyklen
=260  \\$aKassel$aBasel$aLondon$aNew York$aPrague$bBärenreiter$c2008
=300  \\$a413 pages$bill., facsims., music, tables ;$c24 cm.
=490  1\$aSchweizer Beiträge zur Musikforschung$v12
=502  \\$aThesis (doctoral)--Universität, Zürich, 2006.
=504  \\$aIncludes bibliographical references and indexes.
=600  \0$aTelemann, Georg Philipp$d1681-1767$1http://www.wikidata.org/entity/Q75854$99287
=648  \0$a18th Century (1701-1800)$1http://www.wikidata.org/entity/Q7015$920899
=650  \0$aCantata$1http://www.wikidata.org/entity/Q174873$921603
=651  \0$aFrankfurt am Main (Germany)$1http://www.wikidata.org/entity/Q1794$921575
=942  \\$cBOO
=952  \\$00$10$2ddc$40$6BIO_TELE_E$70$8BIO$98604$aORPH$bORPH$cKTS1_P$d2020-07-08$eKoopman$i25E24$oBIO TELE e$p20129367$r2021-01-12 00:00:00$w2021-01-12$yBOO
=999  \\$d8613

