=LDR  00989aam a2200205   4500
=001  8615
=005  20251003085457.0
=008  230918s1974\\\\|||d||||\ci||\001\0\fre\d
=041  \\$afre
=100  \\$aJurgens, Madeleine$1http://www.wikidata.org/entity/Q36380703$4aut$911914
=245  \\$aDocuments du minutier central concernant l'histoire de la musique (1600-1650)$nvol. 2
=260  \\$c1974$aParis$bLa Documentation Française
=300  \\$a1092 pages
=648  \0$a17th Century (1601-1700)$1http://www.wikidata.org/entity/Q7016$920923
=650  \0$1http://www.wikidata.org/entity/Q846047$aMusic history$921373
=650  \0$aCatalogue$1http://www.wikidata.org/entity/Q2352616$1http://www.wikidata.org/entity/Q6941730$921484
=651  \0$1http://www.wikidata.org/entity/Q142$aFrance$9131
=942  \\$cBOO
=952  \\$00$10$2ddc$40$6TOP_FR_5_000000000000000$70$8TOP$98606$aORPH$bORPH$cKTS0$d2020-07-08$eKoopman$i35A35$l0$oTOP FR 5$p20122521$r2021-01-12 00:00:00$w2021-01-12$yBOO$OKoopman
=999  \\$d8615

