=LDR  01273aam a2200253   4500
=001  8618
=005  20250926134855.0
=008  220929s1982\\\\||||||||\||||\00|\0\ger\d
=041  \\$ager
=100  \\$aKabitz, C.$4edt$911921
=245  \\$a57. Bachfest der Neuen Bachgesellschaft 19.-24. Mai 1982 Würzburg:$bBach und die Barockkunst
=260  \\$aLeipzig$bNeue Bachgesellschaft$c1982
=600  \0$aBach, Johann Sebastian$d1685-1750$1http://www.wikidata.org/entity/Q1339$94766
=648  \0$a20th Century (1901-2000)$1http://www.wikidata.org/entity/Q6927$920936
=650  \0$aComposer$1http://www.wikidata.org/entity/Q36834$93625
=650  \0$aLegacy$1http://www.wikidata.org/entity/Q623282$922131
=650  \0$aEarly music$1http://www.wikidata.org/entity/Q436016$93160
=650  \0$aFestival book$1http://www.wikidata.org/entity/Q17590416$922319
=650  \0$aFine art$1http://www.wikidata.org/entity/Q219625$921579
=650  \0$aBaroque$1http://www.wikidata.org/entity/Q37853$921255
=651  \0$aWürzburg (Germany)$1http://www.wikidata.org/entity/Q2999$924916
=942  \\$cBOO
=952  \\$00$10$2ddc$40$6BIO_BACH1_E$70$8BIO$98609$aORPH$bORPH$cKTS1_P$d2020-07-08$eKoopman$i32A04$l2$oBIO BACH1 e$p20121001$r2025-09-30 16:57:38$s2025-09-23$w2021-01-12$yBOO$OKoopman
=999  \\$d8618

