=LDR  01254aam a2200241   4500
=001  8619
=008  250212s2017\\\\|||agcf|\ib||\00|\0dger\d
=041  \\$ager
=100  \\$aKadelbach, Ada$d1942-$1http://www.wikidata.org/entity/Q29159085$910894
=245  \\$aPaul Gerhardt im Blauen Engel$bund andere Beiträge zur interdisziplinären Kirchenlied- und Gesangbuchforschung
=260  \\$c2017$aTübingen$bFrancke
=300  \\$axii-575 pages
=490  \\$aMainzer Hymnologische Studien$v26
=600  \0$aGerhardt, Paul$d1607-1676$1http://www.wikidata.org/entity/Q76331$98766
=648  \0$a17th Century (1601-1700)$1http://www.wikidata.org/entity/Q7016$920923
=648  \0$a18th Century (1701-1800)$1http://www.wikidata.org/entity/Q7015$920899
=650  \0$aSong$1http://www.wikidata.org/entity/Q7366$94164
=650  \0$aHymn$1http://www.wikidata.org/entity/Q484692$921333
=650  \0$aChurch music$1http://www.wikidata.org/entity/Q8812109$1http://www.wikidata.org/entity/Q1065742$92283
=651  \0$aGermany$1http://www.wikidata.org/entity/Q183$9155
=942  \\$cBOO
=952  \\$00$10$2ddc$40$6TOP_DE_5_000000000000000$70$8TOP$98610$aORPH$bORPH$cKTS0$d2020-07-08$eKoopman$i46F34$l0$oTOP DE 5$p20126884$r2021-01-12 00:00:00$w2021-01-12$yBOO$OKoopman
=999  \\$d8619

