=LDR  01442aam a2200265   4500
=001  8620
=005  20251003085457.0
=008  250131s1958\\\\||||||||\c|||\00|\0\ger\d
=041  \\$ager
=100  \\$aKahl, Willi$d1893-1962$1http://www.wikidata.org/entity/Q19960006$911923$4aut
=245  \\$aKatalog der in der Universitäts-und Stadtbibliothek Köln vorhandenen Musikdrucke des 16., 17. und 18. Jahrhunderts
=260  \\$aCologne$bVolk$c1958
=300  \\$a20 pages
=490  \\$aBeiträge zur rheinischen Musikgeschichte$v27
=610  \0$aUniversitäts- und Stadtbibliothek Köln (Cologne, Germany)$1http://www.wikidata.org/entity/Q2496260$939617
=648  \0$a16th Century (1501-1600)$1http://www.wikidata.org/entity/Q7017$920944
=648  \0$a17th Century (1601-1700)$1http://www.wikidata.org/entity/Q7016$920923
=648  \0$a18th Century (1701-1800)$1http://www.wikidata.org/entity/Q7015$920899
=650  \0$aLibrary$1http://www.wikidata.org/entity/Q7075$94229
=650  \0$aManuscript$1http://www.wikidata.org/entity/Q87167$92275
=650  \0$aCatalogue$1http://www.wikidata.org/entity/Q2352616$1http://www.wikidata.org/entity/Q6941730$921484
=651  \0$aCologne (Germany)$1http://www.wikidata.org/entity/Q365$921601
=942  \\$cBOO
=952  \\$00$10$2ddc$40$6BIB_4_000000000000000_DE_COL$70$8BIB$98611$aORPH$bORPH$cKTS0$d2020-07-08$eKoopman$i31C14$l0$oBIB4 DE.COL$p20123256$r2021-01-12 00:00:00$w2021-01-12$yBOO$OKoopman
=999  \\$d8620

