=LDR  01663aam a2200313   4500
=001  8621
=005  20250926154941.0
=008  211001s1972\\\\||||||||\||||\00|\0ager\d
=041  \\$ager
=100  \\$aKahl, Willi$d1893-1962$4edt$1http://www.wikidata.org/entity/Q19960006$911923
=245  \\$aSelbstbiographien Deutscher Musiker des 18. Jahrhunderts
=260  \\$aCologne$bStaufen$c1948
=300  \\$a349 pages
=490  \\$aFacsimiles of early biographies$v5
=500  \\$aReprint from 1972 of the original edition of 1948
=590  \\$amit Einleitungen und Anmerkungen
=648  \0$a18th Century (1701-1800)$1http://www.wikidata.org/entity/Q7015$920899
=650  \0$aComposer$1http://www.wikidata.org/entity/Q36834$93625
=650  \0$aBiography$1http://www.wikidata.org/entity/Q36279$91927
=651  \0$aGermany$1http://www.wikidata.org/entity/Q183$9155
=700  \\$4aut$aBach, Johann Sebastian$d1685-1750$1http://www.wikidata.org/entity/Q1339$94766
=700  \\$4aut$aBach, Carl Philipp Emanuel$d1714-1788$1http://www.wikidata.org/entity/Q76428$99218
=700  \\$4aut$aKellner, Johann Peter$d1705-1772$1http://www.wikidata.org/entity/Q462786$914250
=700  \\$4aut$aQuantz, Johann Joachim$d1697-1773$1http://www.wikidata.org/entity/Q77212$96465
=700  \\$4aut$aStölzel, Gottfried Heinrich$d1690-1749$1http://www.wikidata.org/entity/Q27600199$97024
=700  \\$4aut$aTelemann, Georg Philipp$d1681-1767$1http://www.wikidata.org/entity/Q75854$99287
=942  \\$cBOO
=952  \\$00$10$2ddc$40$6TOP_DE_5_000000000000000$70$8TOP$98612$aORPH$bORPH$cKTS0$d2020-07-08$eKoopman$i32G43$oTOP DE 5$p20122784$r2021-01-12 00:00:00$w2021-01-12$yBOO
=999  \\$d8621

