=LDR  00783    a2200157   4500
=001  8624
=008  210312b\\\\\\\\be\|||||\||||\00|\0\eng\d
=041  \\$ager
=100  \\$aKaimakis, Jannis$4aut$911924
=245  \\$aIntavolierungstechnik in den Lauten tabulaturen der Handschrift München, Bayerische Staatsbibliothek Mus. ms. 1627 
=260  \\$c1988$aThessaloniki
=300  \\$a2 vols. (181+190 pages)
=942  \\$cBOO
=952  \\$00$10$2ddc$3Teil II$40$6MTP_1_000000000000000_KAIM$70$8MTP$98614$aORPH$bORPH$cKM12_1$d2020-07-08$eKoopman$i30F13$oMTP1 KAIM$p20123317$r2021-01-12 00:00:00$w2021-01-12$yBOO
=952  \\$00$10$2ddc$3Teil I$40$6MTP_1_000000000000000_KAIM$70$8MTP$98615$aORPH$bORPH$cKM12_1$d2020-07-08$eKoopman$i30F14$oMTP1 KAIM$p20123316$r2021-01-12 00:00:00$w2021-01-12$yBOO
=999  \\$d8624

