=LDR  01473cam a2200289 a 4500
=001  8626
=005  20250120120208.0
=008  880426s1985\\\\gw\a\\\\\bc\\l000\0bger\\
=020  \\$a3798002258
=040  \\$aOI
=041  0\$agereng
=100  \\$aKaiser, Ute-Nortrud$911926
=245  10$aJerg Ratgeb :$bSpurensicherung : Ausstellung, Karmeliterkloster, Frankfurt, Münzgasse, 6. Juni bis 18. Juli 1985, Reuchlin-Haus, Pforzheim, 21. Juli bis 1. September 1985 /$cUte-Nortrud Kaiser.
=260  \\$aFranfurt am Main :$bHistorisches Museum,$cc1985.
=300  \\$a348 p. :$bill. (some col.) ;$c23 cm.
=490  1\$aKleine Schriften des Historischen Museums Frankfurt am Main ;$vBd. 23
=504  \\$a"Bibliographie zum Leben und Oeuvre von Jerg Ratgeb": p. 342-345.
=504  \\$aIncludes bibliographies.
=600  \0$aRatgeb, Jerg$d1480?-1526$1http://www.wikidata.org/entity/Q567523$911928
=650  \0$aPainter$1http://www.wikidata.org/entity/Q1028181$93914
=700  \\$aRatgeb, Jerg$d1480?-1526$1http://www.wikidata.org/entity/Q567523$911928
=710  \\$aKarmeliterkloster (Frankfurt am Main, Germany)$91403
=830  \0$9656$aKleine Schriften des Historischen Museums Frankfurt a.M. ;$vBd. 23.
=942  \\$cBOO
=952  \\$00$10$2ddc$40$6BIO_RATG_C$70$8BIO$98617$aORPH$bORPH$cKTS1_P$d2020-07-08$eKoopman$i18D27$l0$oBIO RATG c$p20125046$r2021-01-12 00:00:00$w2021-01-12$yBOO$OKoopman
=999  \\$c8626$d8626
=650  \0$aBiography$1http://www.wikidata.org/entity/Q36279$91927

