=LDR  00710aam a2200181   4500
=001  8628
=008  211119s1883\\\\\\\|||||\m|||\00|\0\dut\d
=041  \\$adut
=100  \\$aKalff, G.$4aut$911930
=245  \\$aHet lied in de middeleeuwen
=260  \\$aLeiden$bBrill$c1883
=500  \\$aDoctoral dissertation
=648  \0$aMiddle Ages (500-1400)$1http://www.wikidata.org/entity/Q12554$920964
=650  \0$aSong$1http://www.wikidata.org/entity/Q7366$94164
=650  \0$aMusic history$1http://www.wikidata.org/entity/Q846047$921373
=942  \\$cBOO
=952  \\$00$10$2ddc$40$6GEN_10_000000000000000$70$8GEN$98619$aORPH$bORPH$cKM12_1$d2020-07-08$eKoopman$i20F27$oGEN10$p20128123$r2021-01-12 00:00:00$w2021-01-12$yBOO
=999  \\$d8628

