=LDR  00815nam a22002057a 4500
=001  8629
=008  860729s1977\\\\sz\a\\\\\\\\\\000\0\ger\\
=020  \\$a3761105185
=041  \\$ager
=100  \\$aKallir, Rudolf F.$4aut$911931
=245  10$aAutographensammler - lebenslänglich
=260  \\$aZürich$bAtlantis$c1977
=300  \\$a119 pages$bill.$c23 cm
=650  \0$aManuscript$1http://www.wikidata.org/entity/Q87167$92275
=650  \0$aNotation$1http://www.wikidata.org/entity/Q233861$91964
=650  \0$aCollecting$1http://www.wikidata.org/entity/Q208165$92117
=700  \\$aEinem, Gottfried von$4win$939259
=942  \\$cBOO
=952  \\$00$10$2ddc$40$6BIB_1_000000000000000_KALL$70$8BIB$98620$aORPH$bORPH$cKTS0$d2020-07-08$eKoopman$i33F38$l0$oBIB1 KALL$p20120880$r2021-01-12 00:00:00$w2021-01-12$yBOO$OKoopman
=999  \\$d8629

