=LDR  01213aam a2200253   4500
=001  8630
=005  20250925143258.0
=008  221121s1960\\\\|||g||||\||||\00|\0deng\d
=020  \\$a0802050891
=041  \\$aeng
=100  \\$aKallmann, Helmut$d1922-2012$1http://www.wikidata.org/entity/Q23060162$4aut$911932
=245  \\$aA History of Music in Canada 1534-1914
=260  \\$aToronto$bUniversity of Toronto Press$c1960
=300  \\$axiv-311 pages
=648  \0$a16th Century (1501-1600)$1http://www.wikidata.org/entity/Q7017$920944
=648  \0$a17th Century (1601-1700)$1http://www.wikidata.org/entity/Q7016$920923
=648  \0$a18th Century (1701-1800)$1http://www.wikidata.org/entity/Q7015$920899
=648  \0$a19th Century (1801-1900)$1http://www.wikidata.org/entity/Q6955$920935
=648  \0$a20th Century (1901-2000)$1http://www.wikidata.org/entity/Q6927$920936
=650  \0$aMusic history$1http://www.wikidata.org/entity/Q846047$921373
=651  \0$aCanada$1http://www.wikidata.org/entity/Q16$921662
=942  \\$cBOO
=952  \\$00$10$2ddc$40$6TOP_CA_0_000000000000000$70$8TOP$98621$aORPH$bORPH$cKTS0$d2020-07-08$eKoopman$i20E15$l0$oTOP CA 0$p20125365$r2021-01-12 00:00:00$w2021-01-12$yBOO$OKoopman
=999  \\$d8630

