=LDR  00904nam a2200229Ia 4500
=001  8633
=005  20251023155042.0
=008  230131s1970\\\\\\\\\\\\\\\\\\\\\\0\ger
=020  \\$a341201771X
=041  \\$ager
=100  \\$aKämper, Dietrich$d1936-$4aut$914889
=245  \0$aStudien zur instrumentalen Ensemblemusik des 16. Jahrhunderts in Italien
=260  \\$aVienna$bBöhlau$c1970
=300  \\$avi-280-39 pages
=490  \\$aAnalecta musicologica$v10
=648  \0$a16th Century (1501-1600)$1http://www.wikidata.org/entity/Q7017$920944
=650  \0$aMusic history$1http://www.wikidata.org/entity/Q846047$921373
=650  \0$aInstrumental music$1http://www.wikidata.org/entity/Q639197$92106
=651  \0$aItaly$1http://www.wikidata.org/entity/Q38$922
=942  \\$cBOO
=952  \\$00$10$2ddc$40$6TOP_IT_4_000000000000000$70$8TOP$98624$aORPH$bORPH$cKTS0$d2020-07-08$eKoopman$oTOP IT 4$p20129442$yBOO
=999  \\$d8633

