=LDR  00902aam a2200205   4500
=001  8634
=008  240130s1971\\\\||||||||\||||\00|\0bdut\d
=020  \\$a9061000467
=041  \\$adut
=100  \\$aKan, A. H.$911935$4aut
=245  \\$aDe jeugd van Constantijn Huygens door hemzelf beschreven
=260  \\$aRotterdam$bDonker$c1971
=600  \0$aHuygens, Constantijn$d1596-1687$1http://www.wikidata.org/entity/Q560746$95174
=648  \0$a17th Century (1601-1700)$1http://www.wikidata.org/entity/Q7016$920923
=650  \0$aScholar$1http://www.wikidata.org/entity/Q20826540$93254
=650  \0$aBiography$1http://www.wikidata.org/entity/Q36279$91927
=651  \0$aNetherlands$1http://www.wikidata.org/entity/Q55$9173
=942  \\$cBOO
=952  \\$00$10$2ddc$40$6BIO_HUYG1_A$70$8BIO$98625$aORPH$bORPH$cKTS1_P$d2020-07-08$eKoopman$i31E53$oBIO HUYG1 a$p20123180$r2021-01-12 00:00:00$w2021-01-12$yBOO$OKoopman
=999  \\$d8634

