=LDR  01207aaa a2200241   4500
=001  8635
=008  250513s1978\\\\||||||||\||||\00|\0ceng\d
=041  \\$aeng
=100  \\$aKanazawa, Masakata$911936$4aut
=245  \\$aMartini and Brebis at the Estense Chapel
=260  \\$c1978
=500  \\$aOffprint from 'Essays Presented to Myron P. Gilmore'
=600  \0$aMartini, Johannes$d1440-1497$1http://www.wikidata.org/entity/Q2202999$940198
=600  \0$aBrebis, Johannes$d?-c. 1479$940199
=610  \0$aCastello Estense$1http://www.wikidata.org/entity/Q1048836$940200
=648  \0$a15th Century (1401-1500)$1http://www.wikidata.org/entity/Q7018$921015
=650  \0$aMusic history$1http://www.wikidata.org/entity/Q846047$921373
=650  \0$aCappella$1http://www.wikidata.org/entity/Q19902156$922910
=650  \0$aChurch music$1http://www.wikidata.org/entity/Q8812109$1http://www.wikidata.org/entity/Q1065742$92283
=651  \0$aEmilia-Romagna (Italy)$1http://www.wikidata.org/entity/Q1263$922021
=942  \\$cCHA
=952  \\$00$10$2ddc$40$6TOP_IT_FER_4_000000000000000$70$8TOP$98626$aORPH$bORPH$cKTS0$d2020-07-08$eKoopman$i21F63$l0$oTOP IT.FER 4$p20125513$r2021-01-12 00:00:00$w2021-01-12$yBOO$OKoopman
=999  \\$d8635

