=LDR  00993aam a2200217   4500
=001  8636
=008  250228s1942\\\\|||coa||\||||\001\a\ger\d
=041  \\$ager
=100  \\$aKapp, Julius$d1883-1962$1http://www.wikidata.org/entity/Q101356$911937
=245  \\$a200 Jahre Staatsoper im Bild
=260  \\$c1942
=300  \\$a[x]-247 pages
=610  \0$aStaatsoper Unter den Linden (Berlin, Germany)$1http://www.wikidata.org/entity/Q312576$924332
=650  \0$aIconography$1http://www.wikidata.org/entity/Q208145$921259
=650  \0$aOpera$1http://www.wikidata.org/entity/Q1344 $92468
=650  \0$aMusic history$1http://www.wikidata.org/entity/Q846047$921373
=650  \0$aTheater history$1http://www.wikidata.org/entity/Q1061140$94607
=651  \0$aBerlin (Germany)$1http://www.wikidata.org/entity/Q64$948
=942  \\$cBOO
=952  \\$00$10$2ddc$40$6TOP_DE_BER$70$8TOP$98627$aORPH$bORPH$cKTS0$d2020-07-08$eKoopman$i28C20$l0$oTOP DE.BER$p20121420$r2021-01-12 00:00:00$w2021-01-12$yBOO$OKoopman
=999  \\$d8636

