=LDR  01682cam a2200289 i 4500
=001  8637
=005  20251003085457.0
=008  801023m19799999gw\a\\\\\bc\\\001\0\ger\\
=041  \\$ager
=245  10$aVerzeichnis der Europäischen Musikinstrumente im Germanischen Nationalmuseum Nürnberg 
=260  \\$aWilhelmshaven $aHamburg $aLocarno $aAmsterdam $bHeinrichshofen$bFlorian Noetzel$c1999 
=300  \\$a195 pages$bill. $c30 cm
=490  1\$aQuellenkataloge zur Musikgeschichte$v26
=504  \\$aIncludes bibliographical references (Bd. 1, p. 132-133; Bd. 2, p. 213-217; Bd. 3, p. 179) and index.
Bd. 1. Hörner und Trompeten, Membranophone, Idiophone -- Bd. 2. Flöten- und Rohrblattinstrumente bis 1750 -- Bd. 3. Klavichorde.
=610  \0$aGermanisches Nationalmuseum (Nürnberg, Germany)$1http://www.wikidata.org/entity/Q478695$91407
=650  \0$aOrganology$1http://www.wikidata.org/entity/Q899293$921400
=650  \0$aCatalogue$1http://www.wikidata.org/entity/Q2352616$921484
=650  \0$aKeyboard instrument$1http://www.wikidata.org/entity/Q52954$92849
=650  \0$aHarpsichord$1http://www.wikidata.org/entity/Q81982$92125
=651  \0$1http://www.wikidata.org/entity/Q2090$aNuremberg (Germany)$921596
=700  \\$aKirnbauer, Martin$920626$4edt
=700  \\$aKaus, Sabine K.$926491$4ctb
=700  \\$aKares, Martin$d-1959$911940$4edt
=710  \\$aGermanisches Nationalmuseum (Nürnberg, Germany)$1http://www.wikidata.org/entity/Q478695$91407
=942  \\$cBOO
=952  \\$00$10$2ddc$40$6INS_3_000000000000000_2A_DE_NUR$70$8INS$98628$aORPH$bORPH$cKTS0$d2020-07-08$eKoopman$i46B14-3$l0$oINS3.2a DE.NUR$p20127608$r2021-01-12 00:00:00$w2021-01-12$yBOO$OKoopman
=999  \\$d8637

