=LDR  00889aam a2200193   4500
=001  8640
=008  230705s1979\\\\||||||||\c|||\00|\0\ger\d
=041  \\$ager
=100  \\$aKarstädt, G.$911942$4aut
=245  \\$aDie Musiksammlung der Stadtbibliothek Lübeck
=260  \\$aLübeck$bSenat der Hansestadt Lübeck Amt für Kultur$c1979
=300  \\$a39 pages
=490  \\$aSenat der Hansestadt Lübeck Amt für Kultur Veröffentlichung$v12
=610  \0$1http://www.wikidata.org/entity/Q2326792$aBibliothek der Hansestadt Lübeck (Germany)$91314
=650  \0$1http://www.wikidata.org/entity/Q7075$aLibrary$94229
=651  \0$1http://www.wikidata.org/entity/Q2843$aLübeck (Germany)$9125
=942  \\$cBOO
=952  \\$00$10$2ddc$40$6BIB_4_000000000000000_DE_LUB$70$8BIB$98631$aORPH$bORPH$cKTS0$d2020-07-08$eKoopman$i45C16$l0$oBIB4 DE.LUB$p20127348$r2021-01-12 00:00:00$w2021-01-12$yBOO$OKoopman
=999  \\$d8640

