=LDR  01518aam a2200301   4500
=001  8642
=005  20251003085457.0
=008  230629s1974\\\\|||a||||\c|||\00|\0\ger\d
=020  \\$a3795901669
=041  \\$ager
=100  \\$aSchaal, Richard$919055$4edt
=245  \\$aDie Kataloge des Augsburger Musikalien-Händlers Kaspar Flurschütz, 1613-1628
=260  \\$c1974$bHeinrichshofen Verlag$aWilhelmshaven
=300  \\$a159 pages
=490  \\$aQuellenkataloge zur Musikgeschichte$v7
=590  \\$aMit einer Einleitung und Registern zum ersten Mal herausgegeben von Richard Schaal. Mit einer Bibliographie zur Augsburger Musikgeschichte 1550-1650.
=600  \0$911944$aFlurschütz, Kaspar
=648  \0$a16th Century (1501-1600)$1http://www.wikidata.org/entity/Q7017$920944
=648  \0$a17th Century (1601-1700)$1http://www.wikidata.org/entity/Q7016$920923
=650  \0$1http://www.wikidata.org/entity/Q2352616$aCatalogue$921484
=650  \0$1http://www.wikidata.org/entity/Q571$aBook$92285
=650  \0$1http://www.wikidata.org/entity/Q601401$aTrade$923616
=650  \0$aMusic publishing company$1http://www.wikidata.org/entity/Q1917775$927716
=650  \0$aMusic history$1http://www.wikidata.org/entity/Q846047$921373
=651  \0$aAugsburg (Germany)$1http://www.wikidata.org/entity/Q2749$921699
=942  \\$cBOO
=952  \\$00$10$2ddc$40$6BIB_4_000000000000000_DE_AUG$70$8BIB$98633$aORPH$bORPH$cKTS0$d2020-07-08$eKoopman$i20A37$l0$oBIB4 DE.AUG$p20128014$r2021-01-12 00:00:00$w2021-01-12$yBOO$OKoopman
=999  \\$d8642

