=LDR  00833aam a2200205   4500
=001  8643
=005  20250926134855.0
=008  230524s1958\\\\||||||||\||||\00|\0\ger\d
=041  \\$ager
=100  \\$aKast, Paul$911945$4aut
=245  \\$aDie Bach-Handschriften der Berliner Staatsbibliothek
=260  \\$c1958$aTrossingen$bHohner
=300  \\$a150 pages
=600  \0$1http://www.wikidata.org/entity/Q1339$aBach, Johann Sebastian$d1685-1750$94766
=650  \0$1http://www.wikidata.org/entity/Q87167$aManuscript$92275
=650  \0$1http://www.wikidata.org/entity/Q7075$aLibrary$94229
=651  \0$1http://www.wikidata.org/entity/Q64$aBerlin (Germany)$948
=942  \\$cBOO
=952  \\$00$10$2ddc$40$6BIO_BACH1_B$70$8BIO$98634$aORPH$bORPH$cKTS1_P$d2020-07-08$eKoopman$i33A10$oBIO BACH1 b$p20123047$r2021-01-12 00:00:00$w2021-01-12$yBOO
=999  \\$d8643

