=LDR  00698nam a2200193Ia 4500
=001  8644
=008  230131s1963\\\\\\\\\\\\\\\\\\\\\\0\ger
=041  \\$ager
=100  \\$aKast, Paul$911945$4edt
=245  \0$aStudien zur italienisch-deutschen Musikgeschichte$nI
=260  \\$aCologne$bBöhlau$c1963
=300  \\$aviii-112 pages
=490  \\$aAnalecta musicologica$v1
=650  \0$aMusic history$1http://www.wikidata.org/entity/Q846047$921373
=651  \0$aItaly$1http://www.wikidata.org/entity/Q38$922
=651  \0$aGermany$1http://www.wikidata.org/entity/Q183$9155
=942  \\$cBOO
=952  \\$00$10$2ddc$40$6TOP_IT$70$8TOP$922480$aORPH$bORPH$cKTS0$d2020-07-08$eKoopman$l0$oTOP IT$w2023-02-02$yBOO
=999  \\$d8644

