=LDR  01829aam a2200265   4500
=001  8645
=005  20251014152009.0
=008  220525r\\\\1848|||ag|||\||||\00|\0\fre\d
=041  \\$afre
=100  \\$aKastner, Jean-Georges$4aut$1http://www.wikidata.org/entity/Q1226102$911946
=245  \\$aManuel général de musique militaire à l'usage des armée françaises
=260  \\$aParis$bDidot$c1848
=300  \\$axvi-412 pages
=590  \\$acomprenant : 1° L'Esquisse d'une Histoire de la Musique militaire chez les différents peuples, depuis l'antiquité jusqu'à nos jours; 2° La nouvelle organisation instrumentale prescrite par l'ordonnance ministérielle du 19 août 1845; 3° La description et la figure des instruments qui la composent, notamment des nouveaux instruments de M. Adolphe Sax; 4° Quelques instructions pour la composition et l'exécution de la musique militaire. Dédie à Monsieur le Lieutenant-Général Comte de Rumigny, aide de camp du Roi
=648  \0$aClassical Antiquity (8th Century BC-6th Century AD)$1http://www.wikidata.org/entity/Q486761$921435
=648  \0$aMiddle Ages (500-1400)$1http://www.wikidata.org/entity/Q12554$920964
=648  \0$aRenaissance (1400-1600)$1http://www.wikidata.org/entity/Q4692$920965
=648  \0$a17th Century (1601-1700)$1http://www.wikidata.org/entity/Q7016$920923
=648  \0$a18th Century (1701-1800)$1http://www.wikidata.org/entity/Q7015$920899
=648  \0$a19th Century (1801-1900)$1http://www.wikidata.org/entity/Q6955$920935
=650  \0$aMilitary music$1http://www.wikidata.org/entity/Q6774721$923663
=651  \0$aEurope$1http://www.wikidata.org/entity/Q46$991
=942  \\$cBOO
=952  \\$00$10$2ddc$40$6GEN_15_000000000000000$70$8GEN$98636$aORPH$bORPH$cKTS1_P$d2020-07-08$eKoopman$i47A15$oGEN15$p20123767$r2021-01-12 00:00:00$w2021-01-12$yBOO
=999  \\$d8645

