=LDR  01218    a2200265   4500
=001  8647
=005  20251103124736.0
=008  211028b\\\\\\\\||||||||\||||\00|\0\###\d
=041  \\$aspa
=100  \\$aKastner, Macario Santiago$4aut$911947
=245  \\$aOrígenes y evolución del tiento para instrumentos de tecla. Interpretación de la música hispana para tecla de los siglos XVI y XVII
=250  \\$aSeparata del Anuario Musical, vol. XXVIII-XXIX
=260  \\$c1976$aBarcelona
=300  \\$a154 pages
=336  \\$aprinted
=561  \\$aEx lLbris Ton Koopman
=648  \0$a16th Century (1501-1600)$1http://www.wikidata.org/entity/Q7017$920944
=648  \0$a17th Century (1601-1700)$1http://www.wikidata.org/entity/Q7016$920923
=650  \0$aKeyboard instrument$1http://www.wikidata.org/entity/Q52954$92849
=650  \0$aKeyboard music$1http://www.wikidata.org/entity/Q105715630$921412
=650  \0$aMusical interpretation$1http://www.wikidata.org/entity/Q1668139$94533
=651  \0$aSpain$1http://www.wikidata.org/entity/Q29$920983
=942  \\$cBOO
=952  \\$00$10$2ddc$40$6INS_3A_ES$70$8INS$98638$aORPH$bORPH$cKTS0$d2020-07-08$eKoopman$i21E08$oINS3a ES$p20125420$r2021-01-12 00:00:00$w2021-01-12$yBOO
=999  \\$d8647

