=LDR  01242    a2200265   4500
=001  8648
=005  20251103124736.0
=008  211028s1936\\\\sp\a||||\||||\00|\0\spa\d
=041  \\$aspa
=100  \\$aKastner, Macario Santiago$4aut$911947
=245  \\$aMúsica Hispânica. $bO estilo musical do Padre Manuel R. Coehlo. A interpretação da la música hispânica para tecla desde 1450 até 1650
=260  \\$c1936$bAtica
=300  \\$a153 pages
=336  \\$aprinted
=561  \\$aEx Libris Ton Koopman
=648  \0$a15th Century (1401-1500)$1http://www.wikidata.org/entity/Q7018$921015
=648  \0$a16th Century (1501-1600)$1http://www.wikidata.org/entity/Q7017$920944
=648  \0$a17th Century (1601-1700)$1http://www.wikidata.org/entity/Q7016$920923
=650  \0$aKeyboard instrument$1http://www.wikidata.org/entity/Q52954$92849
=650  \0$aKeyboard music$1http://www.wikidata.org/entity/Q105715630$921412
=650  \0$aMusical interpretation$1http://www.wikidata.org/entity/Q1668139$94533
=651  \0$aSpain$1http://www.wikidata.org/entity/Q29$920983
=942  \\$cBOO
=952  \\$00$10$2ddc$40$6INS_3A_ES$70$8INS$98639$aORPH$bORPH$cKTS0$d2020-07-08$eKoopman$i22E32$oINS3a ES$p20128873$r2021-01-12 00:00:00$w2021-01-12$yBOO
=999  \\$d8648

