=LDR  00907aam a2200193   4500
=001  8650
=008  250626s1951\\\\||||||||\||||\00|\0bdut\d
=041  \\$adut
=100  1\$aKat, A. I. M.$d1904-1958$1http://www.wikidata.org/entity/Q91114615$911950$4aut
=245  \\$aPalestrina
=260  \\$aHaarlem$aAntwerp$bGottmer$c1951
=600  \0$aPalestrina, Giovanni Pierluigi da$dc. 1525-1594$1http://www.wikidata.org/entity/Q179277$910834
=648  \0$a16th Century (1501-1600)$1http://www.wikidata.org/entity/Q7017$920944
=650  \0$aComposer$1http://www.wikidata.org/entity/Q36834$93625
=650  \0$aBiography$1http://www.wikidata.org/entity/Q36279$91927
=651  \0$aRome (Italy)$1http://www.wikidata.org/entity/Q220$949
=942  \\$cBOO
=952  \\$00$10$2ddc$40$6BIO_PALE_D$70$8BIO$98641$aORPH$bORPH$cKTS1_P$d2020-07-08$eKoopman$i30B04$oBIO PALE d$p20123422$r2021-01-12 00:00:00$w2021-01-12$yBOO$OKoopman
=999  \\$d8650

