=LDR  00943aam a2200181   4500
=001  8656
=008  231201s1977\\\\|||a||||\c|||\00|\0\eng\d
=041  \\$aeng
=100  \\$aKay Duggan, M.$911954$4aut
=245  \\$aEarly Music Printing in the Music Library of the University of California Berkeley.$bAn Exhibition in Honor of the 12th Congress of the International Musicological Society
=260  \\$aBerkeley, CA$bUniversity of California$c1977
=610  \0$aUniversity of California, Berkeley (CA, USA)$1http://www.wikidata.org/entity/Q168756$91307
=650  \0$aMusic printing$1http://www.wikidata.org/entity/Q64416036$94007
=650  \0$aExhibition$1http://www.wikidata.org/entity/Q464980$925353
=651  \0$aBerkeley (CA, USA)$925797
=942  \\$cBOO
=952  \\$00$10$2ddc$40$6BIB_4_000000000000000_US_BER$70$8BIB$98647$aORPH$bORPH$cKTS0$d2020-07-08$eKoopman$i44E48$l0$oBIB4 US.BER$p20126549$r2021-01-12 00:00:00$w2021-01-12$yBOO$OKoopman
=999  \\$d8656

