=LDR  00998nam a2200265 a 4500
=001  8657
=005  20250120120036.0
=008  981104s1998\\\\it\a\\\\\bc\\\000\0dita\\
=020  \\$a8880301217
=040  \\$aOI
=041  0\$aita$hger
=045  \\$ao0s9
=100  \\$aKecks, Ronald G.$911955
=245  10$aDomenico Ghirlandaio /$cRonald G. Kecks ; fotografie di Antonio Quattrone.
=260  \\$aFlorence$bOctavo,$cc1998.
=300  \\$a255 p. :$bcol. ill. ;$c33 cm.
=546  \\$aTranslated from the German.
=504  \\$aIncludes bibliographical references (p. 249-255).
=600  \0$aGhirlandaio, Domenico,$d1449-1494$911956
=650  \0$aFine art$1http://www.wikidata.org/entity/Q219625$921579
=700  \\$aQuattrone, Antonio$911957
=942  \\$cBOO
=952  \\$00$10$2ddc$40$6BIO_GHIR_D$70$8BIO$98648$aORPH$bORPH$cKTS1_P$d2020-07-08$eKoopman$i35F28$oBIO GHIR d$p20122464$r2021-01-12 00:00:00$w2021-01-12$yBOO$OKoopman
=999  \\$c8657$d8657
=651  \0$aItaly$1http://www.wikidata.org/entity/Q38$922

