=LDR  01072nam a2200253 a 4500
=001  8659
=005  20250120120223.0
=008  850704s1985\\\\ne\\\\\||\\\\||||\||dut||
=020  \\$a9070407213
=040  \\$aOI
=041  \\$adut
=100  1\$aKeersmaekers, August Albert,$d1920-2009$4aut
=245  10$aWandelend in Den nieuwen lust-hof:$bstudie over een Amsterdams Liedboek 1602-(1604)-1607-(1610)
=260  \\$aNijmegen$bAlfa$c1985
=300  \\$a141 pages
=490  0\$aTekst en tijd$v11
=541  \\$3BIB.ELS.004844$cSchenking$aVan Elslander, Antonin$d[17/06/1999]
=648  \0$a17th Century (1601-1700)$1http://www.wikidata.org/entity/Q7016$920923
=650  \0$aSong$1http://www.wikidata.org/entity/Q7366$94164
=650  \0$aBook$1http://www.wikidata.org/entity/Q571$92285
=651  \0$aAmsterdam (Netherlands)$1http://www.wikidata.org/entity/Q727$9135
=942  \\$cBOO
=952  \\$00$10$2ddc$40$6TOP_NL_AMS_5_000000000000000$70$8RAR$98650$aORPH$bORPH$cKTS0$d2020-07-08$eKoopman$i35A13$l0$oTOP NL.AMS 5$p20122544$r2021-01-12 00:00:00$w2021-01-12$yBOO$OKoopman
=999  \\$d8659

