=LDR  01186aam a2200241   4500
=001  8661
=008  250513s1968\\\\||||||||\||||\00|\d\ger\d
=041  \\$ager
=100  \\$aKeiser, Reinhard$d1674-1739$1http://www.wikidata.org/entity/Q436126$915629$4cmp
=245  \\$aMasaniello oder die neapolitanische Fischer-Emporung
=260  \\$aLeipzig$bVEB Deutscher Verlag für Musik$c1968
=300  \\$a112 pages
=610  \0$aOper am Gänsemarkt (Hamburg, Germany)$1http://www.wikidata.org/entity/Q317455$923182
=648  \0$a18th Century (1701-1800)$1http://www.wikidata.org/entity/Q7015$920899
=650  \0$aOpera$1http://www.wikidata.org/entity/Q1344 $92468
=650  \0$aLibretto$1http://www.wikidata.org/entity/Q131084$94031
=651  \0$aHamburg (Germany)$1http://www.wikidata.org/entity/Q1055$921940
=700  \\$aFeind, Barthold$d1678-1721$1http://www.wikidata.org/entity/Q809288$4lbt$98587
=700  \\$aRichter, Johanna$4edt$4win$940202
=700  \\$aRichter, Horst$4edt$913531
=942  \\$cBOO
=952  \\$00$10$2ddc$40$6BIO_KEIS1_E$70$8COLL_UNK$98652$aORPH$bORPH$cLOC_UNK$d2020-07-08$eKoopman$i20E16$l0$oBIO KEIS1 e$p20125364$r2021-01-12 00:00:00$w2021-01-12$yBOO$OKoopman
=999  \\$d8661

