=LDR  01228aam a2200289   4500
=001  8663
=005  20250926134855.0
=008  230704b\\\\\\\\|||fg|||\||||\00|\0bdut\d
=041  \\$adut
=100  \\$aKeller, G.$911962$4adp
=245  \\$aJoh. Seb. Bach
=250  \\$a2nd ed.
=260  \\$aThe Hague$bKruseman$c19xx
=300  \\$a103 pages
=490  \\$aBeroemde musici$vII
=534  \\$aAlfred Pirro's 'Jean-Sébastien Bach' was originally published in 1906
=590  \\$aDoor Mr. G. Keller. Vrij bewerkt naar Alfred Pirro
=600  \0$1http://www.wikidata.org/entity/Q1339$aBach, Johann Sebastian$d1685-1750$94766
=648  \0$1http://www.wikidata.org/entity/Q7016$a17th Century (1601-1700)$920923
=648  \0$1http://www.wikidata.org/entity/Q7015$a18th Century (1701-1800)$920899
=650  \0$1http://www.wikidata.org/entity/Q36834$aComposer$93625
=650  \0$1http://www.wikidata.org/entity/Q36279$aBiography$91927
=651  \0$1http://www.wikidata.org/entity/Q183$aGermany$9155
=700  \\$4aut$aPirro, André$d1869-1943$97620
=942  \\$cBOO
=952  \\$00$10$2ddc$40$6BIO_BACH1_D$70$8BIO$98654$aORPH$bORPH$cKTS1_P$d2020-07-08$eKoopman$i28E47$oBIO BACH1 d$p20121387$r2021-01-12 00:00:00$w2021-01-12$yBOO
=999  \\$d8663

