=LDR  01118aam a2200229   4500
=001  8664
=005  20251103124736.0
=008  220901s1936\\\\||||||||\||||\00|\0\ger\d
=041  \\$ager
=100  \\$aKeller, Hermann$d1885-1967$4aut$911963
=245  \\$aDie Orgelwerke Bachs:$bEin Beitrag zu ihrer Geschichte, Form, Deutung und Wiedergabe
=260  \\$aLeipzig$bPeters$c1936
=600  \0$aBach, Johann Sebastian$d1685-1750$1http://www.wikidata.org/entity/Q1339$94766
=648  \0$a18th Century (1701-1800)$1http://www.wikidata.org/entity/Q7015$920899
=650  \0$aOrgan music$1http://www.wikidata.org/entity/Q2003283$91951
=650  \0$aMusic history$1http://www.wikidata.org/entity/Q846047$921373
=650  \0$aMusical analysis$1http://www.wikidata.org/entity/Q1544924$92775
=650  \0$aMusical interpretation$1http://www.wikidata.org/entity/Q1668139$94533
=651  \0$aGermany$1http://www.wikidata.org/entity/Q183$9155
=942  \\$cBOO
=952  \\$00$10$2ddc$40$6BIO_BACH1_E$70$8BIO$98655$aORPH$bORPH$cKTS1_P$d2020-07-08$eKoopman$i19E04$oBIO BACH1 e$p20127812$r2021-01-12 00:00:00$w2021-01-12$yBOO$OKoopman
=999  \\$d8664

