=LDR  01126aam a2200229   4500
=001  8665
=005  20251103124736.0
=008  230928b\\\\\\\\||||||||\||||\00|\0\ger\d
=041  \\$ager
=100  \\$aKeller, Hermann$d1885-1967$4aut$911963
=245  \\$aDie Klavierwerke Bachs:$bEin Beitrag zu ihrer Geschichte, Form, Deutung und Wiedergabe
=260  \\$aLeipzig$bPeters$cs.d.
=600  \0$1http://www.wikidata.org/entity/Q1339$aBach, Johann Sebastian$d1685-1750$94766
=648  \0$1http://www.wikidata.org/entity/Q7015$a18th Century (1701-1800)$920899
=650  \0$1http://www.wikidata.org/entity/Q105715630$aKeyboard music$921412
=650  \0$1http://www.wikidata.org/entity/Q846047$aMusic history$921373
=650  \0$1http://www.wikidata.org/entity/Q1544924$aMusical analysis$92775
=650  \0$1http://www.wikidata.org/entity/Q1668139$aMusical interpretation$94533
=651  \0$1http://www.wikidata.org/entity/Q183$aGermany$9155
=942  \\$cBOO
=952  \\$00$10$2ddc$40$6BIO_BACH1_E$70$8BIO$98656$aORPH$bORPH$cKTS1_P$d2020-07-08$eKoopman$i20G06$oBIO BACH1 e$p20128182$r2021-01-12 00:00:00$w2021-01-12$yBOO$OKoopman
=999  \\$d8665

