=LDR  01428aam a2200289   4500
=001  8666
=005  20251103124736.0
=008  230529b\\\\\\\\||||||||\||||\00|\0\###\d
=041  \\$ager
=245  \\$aDie Bedeutung der Zeichen:$bKeil, Strich und Punkt bei Mozart
=260  \\$c1957$aKassel$bBärenreiter
=300  \\$a110 pages
=490  \\$aMusikwissenschaftliche Arbeiten$v10
=590  \\$afünf Lösungen einer Preisfrage. Im Auftrag der Gesellschaft für Musikforschung
=600  \0$1http://www.wikidata.org/entity/Q254$aMozart, Wolfgang Amadeus$d1756-1791$95341
=650  \0$1http://www.wikidata.org/entity/Q1544924$aMusical analysis$92775
=650  \0$1http://www.wikidata.org/entity/Q846047$aMusic history$921373
=650  \0$1http://www.wikidata.org/entity/Q1668139$aMusical interpretation$94533
=700  \\$4aut$aKeller, Hermann$d1885-1967$911963
=700  \\$1http://www.wikidata.org/entity/Q1633468$4aut$aUnverricht, Hubert$d1927-2017$914509
=700  \\$4aut$aJonas, Oswald$917730
=700  1\$1http://www.wikidata.org/entity/Q59532258$4aut$aKreutz, Alfred$926256
=700  1\$1http://www.wikidata.org/entity/Q59530946$4aut$aZimmermann, Ewald$d1910-1998$926257
=700  \\$4edt$99075$aAlbrecht, Hans$d1902-1961
=942  \\$cBOO
=952  \\$00$10$2ddc$40$6BIO_MOZA1_E$70$8BIO$98657$aORPH$bORPH$cKTS1_P$d2020-07-08$eKoopman$i31C04$oBIO MOZA1 e$p20123266$r2021-01-12 00:00:00$w2021-01-12$yBOO$OKoopman
=999  \\$d8666

