=LDR  01312cam a2200265 a 4500
=001  8667
=008  951013s1994\\\\gw\abc\\\b\\\\001\0bger\\
=041  \\$ager
=245  00$aMein Herr befindet sich gottlob gesund und wohl:$bsächsische Prinzen auf Reisen
=260  \\$aLeipzig$bLeipziger Universitätsverlag$c1994
=300  \\$a535 pages
=490  1\$aDeutsch-französische Kulturbibliothek$v3
=504  \\$aIncludes bibliographical references (p. 496-502) and indexes.
=600  \0$aJohann Georg IV$cElector of Saxony,$d1688-1694$911964
=600  \0$aAugust. II$cKing of Poland$d1670-1733$1http://www.wikidata.org/entity/Q53437$911965
=648  \0$a17th Century (1601-1700)$1http://www.wikidata.org/entity/Q7016$920923
=650  \0$aTravel$1http://www.wikidata.org/entity/Q61509$94440
=650  \0$aCultural history$1http://www.wikidata.org/entity/Q858517$922395
=650  \0$aNobility$1http://www.wikidata.org/entity/Q134737$93602
=650  \0$aGrand Tour$1http://www.wikidata.org/entity/Q6682302$922994
=651  \0$aGermany$1http://www.wikidata.org/entity/Q183$9155
=700  \\$aKeller, Katrin$4edt$911966
=942  \\$cBOO
=952  \\$00$10$2ddc$40$6TOP_DE_5_000000000000000$70$8TOP$98658$aORPH$bORPH$cKTS0$d2020-07-08$eKoopman$i46F36$l0$oTOP DE 5$p20126882$r2021-01-12 00:00:00$w2021-01-12$yBOO
=999  \\$d8667

