=LDR  00933aam a2200205   4500
=001  8668
=008  220216s1933\\\\gw\g||||\||||\00|\0\ger\d
=041  \\$ager
=100  \\$aKelletat, Herbert$4aut$911967
=245  \\$aZur Geschichte der Deutschen Orgelmusik in der Frühklassik
=260  \\$aKassel$bBärenreiter$c1933
=300  \\$a135 pages
=648  \0$a18th Century (1701-1800)$1http://www.wikidata.org/entity/Q7015$920899
=650  \0$aOrgan music$1http://www.wikidata.org/entity/Q2003283$91951
=650  \0$aMusic history$1http://www.wikidata.org/entity/Q846047$921373
=651  \0$aGermany$1http://www.wikidata.org/entity/Q183$9155
=700  \\$4edt$aMüller-Blattau, Joseph$d1895-1976$1http://www.wikidata.org/entity/Q96929$917541
=942  \\$cBOO
=952  \\$00$10$2ddc$40$6INS_3_100000000000000_A_DE$70$8INS$98659$aORPH$bORPH$cKTS0$d2020-07-08$eKoopman$i24B48$oINS 3.1 a DE$p20128788$r2021-01-12 00:00:00$w2021-01-12$yBOO
=999  \\$d8668

