=LDR  00956aam a2200217   4500
=001  8669
=005  20250926134855.0
=008  230217s1960\\\\||||||||\||||\00|\0\ger\d
=041  \\$ager
=100  \\$aKelletat, Herbert$4aut$911967
=245  \\$aZur musikalischen Temperatur insbesondere bei Johann Sebastian Bach
=260  \\$aKassel$bOncken$c1960
=561  \\$aEx libris Laura Dobbenga
=600  \0$aBach, Johann Sebastian$d1685-1750$1http://www.wikidata.org/entity/Q1339$94766
=648  \0$a18th Century (1701-1800)$1http://www.wikidata.org/entity/Q7015$920899
=650  \0$aTuning$1http://www.wikidata.org/entity/Q858576$921655
=650  \0$aTemperament$1http://www.wikidata.org/entity/Q55073971$921656
=651  \0$aGermany$1http://www.wikidata.org/entity/Q183$9155
=942  \\$cBOO
=952  \\$00$10$40$6BIO_BACH1_E$70$8BIO$98660$aORPH$bORPH$cKTS1_P$d2020-07-08$eKoopman$i31D30$oBIO BACH1 e$p20121052$r2021-01-12 00:00:00$w2021-01-12$yBOO$OKoopman
=999  \\$d8669

