=LDR  00987aam a2200205   4500
=001  8672
=008  241125s1956\\\\|||afgh|\||||\00|\0\ger\d
=041  \\$ager
=100  \\$aKellner, Altmann$d1902-1981$1http://www.wikidata.org/entity/Q442489$4aut$911968
=245  \\$aMusikgeschichte des Stiftes Kremsmünster$bnach den Quellen dargestellt
=260  \\$c1956$aKassel$aBasel$bBärenreiter
=300  \\$a826 pages
=610  \0$aBenediktinerstift Kremsmünster (Austria)$1http://www.wikidata.org/entity/Q68865$91610
=650  \0$aMonastery$1http://www.wikidata.org/entity/Q44613$926216
=650  \0$aMusic history$1http://www.wikidata.org/entity/Q846047$921373
=651  \0$aKremsmünster (Austria)$1http://www.wikidata.org/entity/Q580868$939232
=651  \0$aAustria$1http://www.wikidata.org/entity/Q40$9202
=942  \\$cBOO
=952  \\$00$10$2ddc$40$6TOP_AT_KRE$70$8TOP$98663$aORPH$bORPH$cKTS0$d2020-07-08$eKoopman$l0$oTOP AT.KRE$p20127841$r2021-01-12 00:00:00$w2021-01-12$yBOO$OKoopman
=999  \\$d8672

