=LDR  00875cam a2200205 i 4500
=001  8674
=008  770315s1976\\\\gw\a\\\\\\\\\\000\0\ger\\
=041  \\$ager
=100  \\$aKellner, Herbert Anton$4aut$911970
=245  10$aWie stimme ich selbst mein Cembalo?
=260  \\$aFrankfurt/Main$bVerlag Das Musikinstrument$c1976
=300  \\$a49 pages$bill. $c21 cm
=490  0\$aSchriftenreihe Das Musikinstrument$vHeft 19
=504  \\$aIncludes bibliographical references.
=650  \0$aHarpsichord$1http://www.wikidata.org/entity/Q81982$92125
=650  \0$aMethod$1http://www.wikidata.org/entity/Q2250960$921402
=650  \0$aTuning$1http://www.wikidata.org/entity/Q858576$921655
=942  \\$cBOO
=952  \\$00$10$2ddc$40$6INS_3_000000000000000_2D$70$8INS$98665$aORPH$bORPH$cKTS0$d2020-07-08$eKoopman$i21B12$l0$oINS3.2d$p20128369$r2021-01-12 00:00:00$w2021-01-12$yBOO$OKoopman
=999  \\$d8674

