=LDR  01098cam a2200241 i 4500
=001  8675
=005  20250624105808.0
=008  750913s1975\\\\enkaf\\\\\\\\\001\0aeng\\
=015  \\$aGB***
=020  \\$a0192554174 :$c£7.50
=040  \\$aOI
=100  \\$aKelly, Michael$d1762-1826$1http://www.wikidata.org/entity/Q980702$911971
=245  10$aReminiscences /$cMichael Kelly ; edited with an introd. by Roger Fiske.
=260  \\$aLondon ;$aNew York :$bOxford University Press,$c1975.
=300  \\$axx, 396 p., [8] leaves of plates :$bill. ;$c25 cm.
=600  \0$aKelly, Michael$d1762-1826$1http://www.wikidata.org/entity/Q980702$911971
=650  \0$aSinger$1http://www.wikidata.org/entity/Q177220$93915
=610  \0$aKing's Theatre (London, United Kingdom)$1http://www.wikidata.org/entity/Q1155331$91409
=700  \\$aFiske, Roger$d1910-1987$910883
=942  \\$cBOO
=952  \\$00$10$2ddc$40$6BIO_KELL_A$70$8BIO$98666$aORPH$bORPH$cKTS1_P$d2020-07-08$eKoopman$i19D14$l0$oBIO KELL a$p20127859$r2021-01-12 00:00:00$w2021-01-12$yBOO$OKoopman
=999  \\$c8675$d8675
=490  \\$aOxford English memoirs and travels

