=LDR  01108cam a22002414a 4500
=001  8677
=005  20250926134855.0
=008  100205s2009\\\\gw\a\\\\\bkq\\000\0dger\\
=020  \\$a9783631593257 (alk. paper)
=040  \\$aOI
=100  \\$aKempen, Suzanne van$d1967-$911973
=245  10$aBach - musikpädagogisch betrachtet /$cSuzanne van Kempen.
=260  \\$aFrankfurt am Main :$bPeter Lang,$cc2009.
=300  \\$a338 p. :$bill. ;$c22 cm.
=490  0\$aBeiträge zur europäischen Musikgeschichte,$x0946-7769 ;$vBd. 13
=504  \\$aIncludes combined bibliography, discography, and filmography, p. 305-336.
=600  \0$aBach, Johann Sebastian$d1685-1750$1http://www.wikidata.org/entity/Q1339$94766
=600  \0$aBach, Johann Sebastian$d1685-1750$1http://www.wikidata.org/entity/Q1339$94766
=600  \0$aBach, Johann Sebastian$d1685-1750$1http://www.wikidata.org/entity/Q1339$94766
=650  \0$aMusic$93040
=942  \\$cBOO
=952  \\$00$10$40$6BIO_BACH1_E$70$8BIO$98668$aORPH$bORPH$cKTS1_P$d2020-07-08$eKoopman$i25C14$oBIO BACH1 e$p20129242$r2021-01-12 00:00:00$w2021-01-12$yBOO$OKoopman
=999  \\$c8677$d8677

