=LDR  00879aam a2200205   4500
=001  8678
=008  250828s1999\\\\|||a||||\||||\00|\0bdut\d
=020  \\$a9783829025706
=041  \\$adut
=100  \\$aKemperdick, S.$911977$4aut
=245  \\$aRogier van der Weyden (1399/1400-1464)
=260  \\$aCologne$bKönemann$c1999
=490  \\$aMeesters van de Lage Landen
=600  \0$avan der Weyden, Rogier$dc. 1399-1464$1http://www.wikidata.org/entity/Q68631$941087
=648  \0$aMiddle Ages (500-1400)$1http://www.wikidata.org/entity/Q12554$920964
=650  \0$aFine art$1http://www.wikidata.org/entity/Q219625$921579
=651  \0$aFlanders (Belgium)$1http://www.wikidata.org/entity/Q234$989
=942  \\$cBOO
=952  \\$00$10$2ddc$40$6BIO_VAND5_E$70$8BIO$98669$aORPH$bORPH$cKTS1_P$d2020-07-08$eKoopman$i29F13$l0$oBIO VAND5 e$p20121270$r2021-01-12 00:00:00$w2021-01-12$yBOO$OKoopman
=999  \\$d8678

