=LDR  01640cam a2200313 i 4500
=001  8681
=005  20250121142123.0
=008  781026s1978\\\\enkaf\\\\b\\\\001\0beng\\
=020  \\$a0903443260 :
=040  \\$aOI
=041  \\$aeng
=100  \\$aKendall, Alan$d-1939$4aut$911979
=245  00$aVivaldi
=260  \\$aLondon$aNew York$bChappell$c1978
=300  \\$a128 pages, [4] leaves of plates, [20] pages of manuscript$billustrations (some color)$c32 cm
=500  \\$aThis exemplar is profusely annotated by Ton Koopman, who in 1979 published a translation of this book (see 23A22). Two versions of Koopman's introduction are preserved in manuscript, next to notes for a Vivaldi concert by Musica Antiqua Amsterdam.
=504  \\$aBibliography: p. 121-[122]
=600  \0$aVivaldi, Antonio$d1678-1741$1http://www.wikidata.org/entity/Q1340$911980
=648  \0$a17th Century (1601-1700)$1http://www.wikidata.org/entity/Q7016$920923
=648  \0$a18th Century (1701-1800)$1http://www.wikidata.org/entity/Q7015$920899
=650  \0$aComposer$1http://www.wikidata.org/entity/Q36834$93625
=650  \0$aViolinist$1http://www.wikidata.org/entity/Q1259917$93278
=650  \0$aImpresario$1http://www.wikidata.org/entity/Q943995$92149
=650  \0$aBiography$1http://www.wikidata.org/entity/Q36279$91927
=650  \0$aMusic history$1http://www.wikidata.org/entity/Q846047$921373
=651  \0$aVenice (Italy)$1http://www.wikidata.org/entity/Q641$91
=942  \\$cBOO
=952  \\$00$10$2ddc$40$6BIO_VIVA_D$70$8BIO$98672$aORPH$bORPH$cKTS1_P$d2020-07-08$eKoopman$i23A21$oBIO VIVA d$p20128496$r2021-01-12 00:00:00$w2021-01-12$yBOO$OKoopman
=999  \\$d8681

