=LDR  01338aam a2200289   4500
=001  8682
=008  211122s1979\\\\\\\ah|||\||||\00|\0bdut\d
=020  \\$a9026984235
=041  \\$adut$heng
=100  \\$aKendall, Alan$d-1939$4aut$911979
=245  \\$aVivaldi:$bVenetië en zijn muziek
=260  \\$aBussum$bGooise Uitgeverij$c1979
=300  \\$a131 pages
=600  \0$aVivaldi, Antonio$d1678-1741$1http://www.wikidata.org/entity/Q1340$911980
=648  \0$a17th Century (1601-1700)$1http://www.wikidata.org/entity/Q7016$920923
=648  \0$a18th Century (1701-1800)$1http://www.wikidata.org/entity/Q7015$920899
=650  \0$aComposer$1http://www.wikidata.org/entity/Q36834$93625
=650  \0$aViolinist$1http://www.wikidata.org/entity/Q1259917$93278
=650  \0$aImpresario$1http://www.wikidata.org/entity/Q943995$92149
=650  \0$aBiography$1http://www.wikidata.org/entity/Q36279$91927
=650  \0$aMusic history$1http://www.wikidata.org/entity/Q846047$921373
=651  \0$aVenice (Italy)$1http://www.wikidata.org/entity/Q641$91
=700  \\$4win$4aft$aKoopman, Ton$d1944-$1http://www.wikidata.org/entity/Q445121$910491
=765  \\$aVivaldi
=942  \\$cBOO
=952  \\$00$10$2ddc$40$6TOP_IT_VEN1$70$8TOP$98673$aORPH$bORPH$cKTS0$d2020-07-08$eKoopman$i23A22$oTOP IT.VEN1$p20128495$r2021-01-12 00:00:00$w2021-01-12$yBOO
=999  \\$d8682

