=LDR  01020aam a2200217   4500
=001  8685
=008  250407s1967\\\\||||||||\||||\00|\0beng\d
=041  \\$aeng
=100  \\$aKenton, E.$911984$4aut
=245  \\$aLife and Works of Giovanni Gabrieli
=260  \\$aRome$bAmerican Institute of Musicology$c1967
=490  \\$aMusicological Studies and Documents$v16
=600  \0$aGabrieli, Giovanni$dc. 1554/57-1612$1http://www.wikidata.org/entity/Q34624$99172
=648  \0$a16th Century (1501-1600)$1http://www.wikidata.org/entity/Q7017$920944
=648  \0$a17th Century (1601-1700)$1http://www.wikidata.org/entity/Q7016$920923
=650  \0$aComposer$1http://www.wikidata.org/entity/Q36834$93625
=650  \0$aBiography$1http://www.wikidata.org/entity/Q36279$91927
=651  \0$aVenice (Italy)$1http://www.wikidata.org/entity/Q641$91
=942  \\$cBOO
=952  \\$00$10$2ddc$40$6BIO_GABR1_D$70$8BIO$98676$aORPH$bORPH$cKTS1_P$d2020-07-08$eKoopman$i37B09$oBIO GABR1 d$p20120604$r2021-01-12 00:00:00$w2021-01-12$yBOO$OKoopman
=999  \\$d8685

