=LDR  01284aam a2200265   4500
=001  8686
=008  231208s1971\\\\||||||||\||||\00|\0bger\d
=041  \\$ager
=100  \\$aKepler, Johannes$d1571-1630$4aut$911985
=245  \\$aJohannes Kepler in Selbstzeugnissen und Bilddokumenten
=260  \\$aHamburg$bRowohlt$c1971
=490  \\$aRowohlts Monographien$v183
=648  \0$a16th Century (1501-1600)$1http://www.wikidata.org/entity/Q7017$920944
=648  \0$a17th Century (1601-1700)$1http://www.wikidata.org/entity/Q7016$920923
=650  \0$aBiography$1http://www.wikidata.org/entity/Q36279$91927
=650  \0$aAstronomy$1http://www.wikidata.org/entity/Q333$924195
=650  \0$aMathematics$1http://www.wikidata.org/entity/Q395$922612
=651  \0$aGraz (Austria)$1http://www.wikidata.org/entity/Q13298$922170
=651  \0$aLinz (Austria)$1http://www.wikidata.org/entity/Q41329$924145
=651  \0$aUlm (Germany)$1http://www.wikidata.org/entity/Q3012$924079
=651  \0$aPrague (Czech Republic)$1http://www.wikidata.org/entity/Q1085$923092
=700  \\$aHemleben, J.$4edt$926820
=942  \\$cBOO
=952  \\$00$10$2ddc$40$6BIO_KEPL_B$70$8BIO$98677$aORPH$bORPH$cKTS1_P$d2020-07-08$eKoopman$i40D41$l1$oBIO KEPL b$p20122276$r2024-04-23 00:00:00$s2023-12-20$w2021-01-12$yBOO
=999  \\$d8686

