=LDR  01137aam a2200229   4500
=001  8688
=008  240220s1939\\\\||||||||\||||\00|\0bger\d
=041  \\$ager
=100  \\$aKern, H.$d1833-1917$96901$4aut
=245  \\$aFranz Vollrath Buttstett (1735-1814).$bEine Studie zur Musik der Spätbarock
=260  \\$aWürzburg$bTriltsch$c1939
=490  \\$aLiterarhistorisch-Musikwissenschaftliche Abhandlungen$v4
=600  \0$aButtstett, Franz Vollrath$d1735-1814$1http://www.wikidata.org/entity/Q551943$927104
=648  \0$a18th Century (1701-1800)$1http://www.wikidata.org/entity/Q7015$920899
=648  \0$a19th Century (1801-1900)$1http://www.wikidata.org/entity/Q6955$920935
=650  \0$aComposer$1http://www.wikidata.org/entity/Q36834$93625
=650  \0$aOrganist$1http://www.wikidata.org/entity/Q765778$94471
=650  \0$aBiography$1http://www.wikidata.org/entity/Q36279$91927
=651  \0$aGermany$1http://www.wikidata.org/entity/Q183$9155
=942  \\$cBOO
=952  \\$00$10$2ddc$40$6BIO_BUTT_E$70$8BIO$98679$aORPH$bORPH$cKTS1_P$d2020-07-08$eKoopman$i31F05$l0$oBIO BUTT e$p20123169$r2021-01-12 00:00:00$w2021-01-12$yBOO$OKoopman
=999  \\$d8688

