=LDR  01391cam a2200301 i 4500
=001  8690
=005  20250120120205.0
=008  130116s2013\\\\ne\a\\\\\b\\\\001\0\dut\\
=020  \\$a9789087043476 (pbk.)
=040  \\$aOI
=041  0\$adut$bger
=100  \\$aKessler, Judith$d-1980$4aut$911988
=245  10$aPrincesse der rederijkers: het oeuvre van Anna Bijns.$bArgumentatieanalyse, structuuranalyse, beeldvorming
=260  \\$aHilversum$bVerloren$c2013
=300  \\$a336 pages$billustration$c25 cm
=490  0\$aMiddeleeuwse studies en bronnen$v145
=504  \\$aIncludes bibliographical references (pages 312-328) and index.
=546  \\$aIn Dutch, with a summary in German.
=600  \0$aBijns, Anna$d1493-1575$1http://www.wikidata.org/entity/Q272497$911989
=648  \0$a16th Century (1501-1600)$1http://www.wikidata.org/entity/Q7017$920944
=650  \0$aWriter$1http://www.wikidata.org/entity/Q36180$93885
=650  \0$aRhetoricians$1http://www.wikidata.org/entity/Q1483341$92186
=650  \0$aFemale$1http://www.wikidata.org/entity/Q6581072$921764
=650  \0$aBiography$1http://www.wikidata.org/entity/Q36279$91927
=651  \0$aFlanders (Belgium)$1http://www.wikidata.org/entity/Q234$989
=942  \\$cBOO
=952  \\$00$10$2ddc$40$6BIO_BIJN_E$70$8BIO$98681$aORPH$bORPH$cKTS1_P$d2020-07-08$eKoopman$i44F01$oBIO BIJN e$p20126843$r2021-01-12 00:00:00$w2021-01-12$yBOO
=999  \\$d8690

