=LDR  03135cam a22004577a 4500
=001  8693
=005  20250305123013.0
=008  110512s2011\\\\ohua\\\\\bcm\\001\0\eng\c
=010  \\$a  2011929646
=020  \\$a9781935294054 (The Cleveland Museum of Art : pbk.)
=020  \\$a1935294059 (The Cleveland Museum of Art : pbk.)
=020  \\$a9780847836857 (Skira Rizzoli : hdc.)
=020  \\$a0847836851 (Skira Rizzoli : hdc.)
=035  \\$a(OCoLC)ocn756652265
=040  \\$aNCNAM$beng$cNCNAM$dIXA$dYDXCP$dOBE$dBWX$dTEU$dBTCTA$dCDX$dDEBBG$dBDX$dOSU$dSTF$dOCLCQ$dDLC
=042  \\$apcc
=043  \\$an-us---
=100  1\$aKeyes, George S.
=245  10$aRembrandt in America :$bcollecting and connoisseurship /$cGeorge S. Keyes, Tom Rassieur, Dennis P. Weller ; in collaboration with Jon L. Seydl.
=260  \\$a[Cleveland, Ohio] :$bCleveland Museum of Art ;$a[Minneapolis, Minn.] :$bMinneapolis Institute of Arts ;$a[Raleigh, N.C.] :$bNCMA ;$aNew York, NY :$bSkira Rizzoli Publications,$cc2011.
=300  \\$a224 p. :$bill. (chiefly col.) ;$c31 cm.
=500  \\$a"Published on the occasion of the exhibition Rembrandt in America, 30 October 2011-22 January 2012 at the North Carolina Museum of Art, 19 February-28 May 2012 at the Cleveland Museum of Art, and 24 June-16 September 2012 at the Minneapolis Institute of Arts"--T.p. verso.
=504  \\$aIncludes bibliographical references and index.
=505  00$tRembrandt paintings in America /$rDennis P. Weller --$tRembrandt in the seventeenth century /$rTom Rassieur --$tRembrandt paintings and America /$rGeorge S. Keyes --$tRembrandt's Leiden years : mastering his craft and defining his genius /$rTom Rassieur --$tThe elusive nature of portraiture : Rembrandt as a portraitist in Amsterdam /$rGeorge S. Keyes --$tRembrandt's history paintings in America /$rDennis P. Weller --$gCatalogue of the exhibition --$gAppendix :$tRembrandt painting exhibitions in North America : 1892-2011.
=500  \\$a"Organized by the North Carolina Museum of Art, Raleigh, the Cleveland Museum of Art, and the Minneapolis Institute of Arts."--T.p. verso.
=600  00$aRembrandt Harmenszoon van Rijn,$d1606-1669$vExhibitions.
=600  00$aRembrandt Harmenszoon van Rijn,$d1606-1669$xCriticism and interpretation.
=650  \0$aArt$xCollectors and collecting$zUnited States$vExhibitions.
=650  \1$aArt$xCollectors and collecting$zUnited States$vExhibitions.
=655  \4$aAusstellung$zCleveland (Ohio)$y2011.
=700  1\$aRassieur, Tom.
=700  1\$aWeller, Dennis P.
=700  1\$aSeydl, Jon L.,$d1969-
=710  2\$aNorth Carolina Museum of Art.
=710  2\$aCleveland Museum of Art.
=710  2\$aMinneapolis Institute of Arts.
=856  \\$uhttp://bvbr.bib-bvb.de:8991/F?func=service&doc_library=BVB01&doc_number=024580153&line_number=0001&func_code=DB_RECORDS&service_type=MEDIA$3Table of contents
=952  \\$00$10$2ddc$40$6BIO_REMB_E$70$8BIO$98684$aORPH$bORPH$cKTS1_P$d2020-07-08$eKoopman$i41F15$l0$oBIO REMB e$p20120111$r2021-01-12 00:00:00$w2021-01-12$yBOO$OKoopman
=999  \\$c8693$d8693
=651  \0$aUSA$1http://www.wikidata.org/entity/Q30$943
=942  \\$cBOO

