=LDR  00901    a2200193   4500
=001  8696
=008  210928s1968\\\\\\\|||||\||||\00|\0bger\d
=041  \\$ager
=100  \\$aKier, H.$4aut$911994
=245  \\$aRaphael Georg Kiesewetter (1773-1850), Wegbereiter des musikalischen Historismus
=260  \\$aRegensburg$bBosse$c1968
=490  \\$aStudien zur Musikgeschichte des 19. Jahrhunderts$v13
=600  \0$aKiesewetter, Raphael Georg$d1773-1850$1http://www.wikidata.org/entity/Q327684$94777
=648  \0$a19th Century (1801-1900)$1http://www.wikidata.org/entity/Q6955$920935
=650  \0$aEarly music$1http://www.wikidata.org/entity/Q436016$93160
=651  \0$aVienna (Austria)$1http://www.wikidata.org/entity/Q1741$920937
=942  \\$cBOO
=952  \\$00$10$2ddc$40$6BIO_KIES_D$70$8BIO$98687$aORPH$bORPH$cKTS1_P$d2020-07-08$eKoopman$i23F46$oBIO KIES d$p20128661$r2021-01-12 00:00:00$w2021-01-12$yBOO
=999  \\$d8696

