=LDR  01599nam a2200313 a 4500
=001  8697
=003  OI
=005  20251001162312.0
=008  970601s1991\\\\ne\\\\\|r\\\\|000\||dut|d
=020  \\$a9073023165
=040  \\$aOI
=041  \\$adut$hdan
=100  \\$aKierkegaard, Søren$d1813-1855$1http://www.wikidata.org/entity/Q6512$4aut$917459
=245  13$aDe onmiddellijke erotische stadia of het muzikaal-erotische:$bover Mozarts Don Giovanni
=260  \\$aLeiden$bPlantage/G en S$c1991
=300  \\$a134 pages$billustrations
=561  \\$aHandwritten dedication with signatures to Ton Koopman from the Choir and Orchestra of the Koninklijk Muziekconservatorium, Ghent, 28 January 1992
=600  \0$aMozart, Wolfgang Amadeus$d1756-1791$1http://www.wikidata.org/entity/Q254$95341
=600  \0$aDon Juan$1http://www.wikidata.org/entity/Q210372$921613
=648  \0$a18th Century (1701-1800)$1http://www.wikidata.org/entity/Q7015$920899
=648  \0$a19th Century (1801-1900)$1http://www.wikidata.org/entity/Q6955$920935
=650  \0$aMusic philosophy and aesthetics$1http://www.wikidata.org/entity/Q2092865$921165
=650  \0$aOpera buffa$1http://www.wikidata.org/entity/Q208080$926015
=651  \0$aDenmark$1http://www.wikidata.org/entity/Q35$921295
=700  \\$aVink, Renée$4trl$927440
=700  \\$aMulder, Etty$d1946-$1http://www.wikidata.org/entity/Q13579057$4win$914689
=942  \\$cBOO
=952  \\$00$10$2ddc$40$6BIO_MOZA1_E$70$8BIO$98688$aORPH$bORPH$cKTS1_P$d2020-07-08$eKoopman$i22B04$l1$oBIO MOZA1 e$p20125652$r2024-08-20 00:00:00$s2024-06-13$w2021-01-12$yBOO$OKoopman
=999  \\$d8697

