=LDR  01297aam a2200241   4500
=001  8705
=005  20251014102009.0
=008  230509r20142013|||a||||\||||\00|\0\dut\d
=020  \\$a9789090285801
=041  \\$adut$hjpn
=100  \\$aKimura, Teirō$911999$4aut
=245  \\$aDe band die tijd en afstand overbrugt:$bDe geschiedenis van de contacten tussen Yamada en Nederland sinds 1643
=260  \\$c2014$aZeist$bDe Hofreis
=300  \\$a144 pages
=520  \\$aTeirō Kimura, former superintendent of education in Yamada, was partly behind the bond of friendship between Zeist and Yamada. He has written a book on the history of contacts between Yamada and the Netherlands since 1643, when the VOC ship the Breskens sailed into Yamada bay, and on the contacts and friendship ties with Zeist in particular since 1993.
=650  \0$1http://www.wikidata.org/entity/Q309$aHistory$921403
=651  \0$1http://www.wikidata.org/entity/Q17$aJapan$921369
=651  \0$1http://www.wikidata.org/entity/Q55$aNetherlands$9173
=700  \\$4trl$aDam, Ellen van$926160
=765  \\$aJikū wo koeta kizuna
=942  \\$cBOO
=952  \\$00$10$2ddc$40$6TOP_JP_5_000000000000000$70$8TOP$98696$aORPH$bORPH$cKTS0$d2020-07-08$eKoopman$i44E49$l0$oTOP JP 5$p20126548$r2021-01-12 00:00:00$w2021-01-12$yBOO$OKoopman
=999  \\$d8705

