=LDR  05141cam a2200925 i 4500
=001  8729
=005  20250109133449.0
=007  ta
=008  190129m20159999caua\\\\\6\\\\000\1\eng\d
=010  \\$a  2018299535
=020  \\$a9781421582696$q(volume 1 ;$qpaperback)
=020  \\$a1421582694$q(volume 1 ;$qpaperback)
=020  \\$a9781421582702$q(volume 2 ;$qpaperback)
=020  \\$a1421582708$q(volume 2 ;$qpaperback)
=020  \\$a9781421585109$q(volume 3 ;$qpaperback)
=020  \\$a1421585103$q(volume 3 ;$qpaperback)
=020  \\$a9781421585116$q(volume 4 ;$qpaperback)
=020  \\$a1421585111$q(volume 4 ;$qpaperback)
=020  \\$a9781421587028$q(volume 5 ;$qpaperback)
=020  \\$a1421587025$q(volume 5 ;$qpaperback)
=020  \\$a9781421588667$q(volume 6 ;$qpaperback)
=020  \\$a1421588668$q(volume 6 ;$qpaperback)
=020  \\$a9781421590400$q(volume 7$qpaperback)
=020  \\$a1421590409$q(volume 7 ;$qpaperback)
=020  \\$a9781421591674$q(volume 8 ;$qpaperback)
=020  \\$a1421591677$q(volume 8 ;$qpaperback)
=020  \\$a9781421593401$q(volume 9 ;$qpaperback)
=020  \\$a1421593408$q(volume 9 ;$qpaperback)
=020  \\$a9781421594378$q(volume 10 ;$qpaperback)
=020  \\$a1421594374$q(volume 10 ;$qpaperback)
=020  \\$a9781421595832$q(volume 11 ;$qpaperback)
=020  \\$a1421595834$q(volume 11 ;$qpaperback)
=020  \\$a9781421597010$q(volume 12 ;$qpaperback)
=020  \\$a1421597012$q(volume 12 ;$qpaperback)
=020  \\$a9781421598031$q(volume 13 ;$qpaperback)
=020  \\$a1421598035$q(volume 13 ;$qpaperback)
=020  \\$a9781421599472$q(volume 14 ;$qpaperback)
=020  \\$a1421599473$q(volume 14 ;$qpaperback)
=020  \\$a9781974701001$q(volume 15 ;$qpaperback)
=020  \\$a197470100X$q(volume 15 ;$qpaperback)
=020  \\$a9781974702558$q(volume 16 ;$qpaperback)
=020  \\$a1974702553$q(volume 16 ;$qpaperback)
=020  \\$a9781974702565$q(volume 17 ;$qpaperback)
=020  \\$a9781974704378$q(volume 18 ;$qpaperback)
=020  \\$a9781974704606$q(volume 19 ;$qpaperback)
=020  \\$a9781974707737$q(volume 20 ;$qpaperback)
=020  \\$a1974707733$q(volume 20 ;$qpaperback)
=020  \\$a9781974709502$q(volume 21 ;$qpaperback)
=020  \\$a1974709507$q(volume 21 ;$qpaperback)
=020  \\$a9781974709656$q(volume 22 ;$qpaperback)
=020  \\$a1974709655$q(volume 22 ;$qpaperback)
=020  \\$a9781974709663$q(volume 23 ;$qpaperback)
=020  \\$a1974709663$q(volume 23 ;$qpaperback)
=020  \\$a9781974711208$q(volume 24 ;$qpaperback)
=020  \\$a197471120X$q(volume 24 ;$qpaperback)
=035  \\$a(OCoLC)ocn917905307
=040  \\$aSO$$beng$cSO$$erda$dOCLCF$dEYM$dLD4$dORK$dTXA$dIGA$dQS5$dTXMAL$dOCLCO$dGL3$dOCL$dOCLCO$dSHH$dOCLCO$dCCPLG$dAUPTL$dTI2$dOCLCQ$dP@N$dIFK$dLVY$dDLC
=041  1\$aeng$hjpn
=042  \\$alccopycat
=100  \\$aHorikoshi, Kōhei$d-1986$912004
=240  10$9662$aBoku no hiro akademia.$lEnglish
=245  10$aMy hero academia /$cstory & art Kohei Horikoshi ; translation & English adaptation Caleb Cook.
=250  \\$aShonen Jump manga edition.
=264  \1$aSan Francisco, CA :$bViz Media,$c[2015]-
=300  \\$avolumes :$bchiefly illustrations ;$c19 cm.
=336  \\$atext$btxt$2rdacontent
=336  \\$astill image$bsti$2rdacontent
=337  \\$aunmediated$bn$2rdamedia
=338  \\$avolume$bnc$2rdacarrier
=490  1\$aShonen Jump manga
=521  8\$aRated T for teen.
=546  \\$aTranslated from the Japanese.
=520  \\$a"What would the world be like if 80 percent of the population manifested superpowers called 'Quirks'? Heroes and villains would be battling it out everywhere! Being a hero would mean learning to use your power, but where would you go to study? The Hero Academy of course! But what would you do if you were one of the 20 percent who were born Quirkless? Middle school student Izuku Midoriya wants to be a hero more than anything, but he hasn't got an ounce of power in him. With no chance of ever getting into the prestigious U.A. High School for budding heroes, his life is looking more and more like a dead end. Then an encounter with All Might, the greatest hero of them all, gives him a chance to change his destiny ..."--$cBack cover of Volume 1.
=505  00$gV. 1.$tIzuku Midoriya: origin --$gv. 2.$tRage, you damned nerd --$gv. 3.$tAll might --$gv. 4.$tThe boy born with everything --$gv. 5.$tShoto Todoroki : origin --$gv. 6$tStruggling --$gv. 7.$tKohei Horikoshi --$gv. 10$tAll for one --$gv. 11.$tEnd of the beginning, beginning of the end --$gv. 12.$tThe test --$gv. 13.$tA talk about your quirk --$gv. 14.$tOverhaul --$gv. 15.$tFighting fate --$gv. 16.$tRed riot --$gv. 17.$tLemillion --$gv. 18.$tBright future --$gv. 19.$tSchool festival$tWhy he gets back up --$gv. 21.
=650  \0$aGraphic novel$1http://www.wikidata.org/entity/Q725377$921628
=700  \\$aCook, Caleb D.$912005
=830  \0$9663$aShonen Jump manga.
=942  \\$cBOO
=952  \\$00$10$2ddc$40$70$8COLL_UNK$98720$aORPH$bORPH$cLOC_UNK$d2020-07-08$eKoopman$r2021-01-12 00:00:00$w2021-01-12$yBOO$OKoopman
=999  \\$c8729$d8729

