=LDR  01013aam a2200217   4500
=001  8730
=008  211026r19681910gw\g||||\||||\00|\0\ger\d
=041  \\$ager
=100  \\$aKinkeldey, Otto$d1878-1966$1http://www.wikidata.org/entity/Q3887291$917501
=245  \\$aOrgel und Klavier in der Musik des 16. Jahrhunderts.$bEin Beitrag zur Geschichte der Instrumentalmuzik
=260  \\$aHildesheim$bOlms$c1968
=300  \\$a321 pages
=534  \\$cWiesbaden: Breitkopf & Härtel, 1910
=648  \0$a16th Century (1501-1600)$1http://www.wikidata.org/entity/Q7017$920944
=650  \0$aKeyboard music$1http://www.wikidata.org/entity/Q105715630$921412
=650  \0$aMusic history$1http://www.wikidata.org/entity/Q846047$921373
=650  \0$aPiano$1http://www.wikidata.org/entity/Q5994$92127
=650  \0$aOrgan$1http://www.wikidata.org/entity/Q1444$92810
=942  \\$cBOO
=952  \\$00$10$2ddc$40$6INS_3A$70$8INS$98721$aORPH$bORPH$cKTS0$d2020-07-08$eKoopman$i21B33$oINS3a$p20128406$r2021-01-12 00:00:00$w2021-01-12$yBOO
=999  \\$d8730

