=LDR  00409    a2200109   4500
=001  8731
=100  \\$aKinker, Johannes$d1764-1845$1http://www.wikidata.org/entity/Q2196759$912007
=245  \\$aMij dunkt ik zie het nog
=260  \\$c1969
=942  \\$cBOO
=952  \\$00$10$2ddc$40$6LIT_KINK_A$70$8LIT$98722$aORPH$bORPH$cKM12_2_H$d2020-07-08$eKoopman$i40H05$oLIT KINK a$p20122216$r2021-01-12 00:00:00$w2021-01-12$yBOO
=999  \\$c8731$d8731

