=LDR  00631aam a2200157   4500
=001  8732
=008  220907s1929\\\\|||a||||\||||\00|\0\ger\d
=041  \\$ager
=100  \\$aKinsky, Georg$d1882-1951$4aut$94997
=245  \\$aGeschichte der Musik in Bildern
=260  \\$aLeipzig$bBreitkopf & Härtel$c1929
=650  \0$aMusic history$1http://www.wikidata.org/entity/Q846047$921373
=650  \0$aIconography$1http://www.wikidata.org/entity/Q208145$921259
=942  \\$cBOO
=952  \\$00$10$2ddc$40$6VIS_KINS$70$8VIS$98723$aORPH$bORPH$cKTS1_H$d2020-07-08$eKoopman$i30C10$l0$oVIS KINS$p20121235$r2021-01-12 00:00:00$w2021-01-12$yBOO$OKoopman
=999  \\$d8732

