=LDR  02455aam a2200289   4500
=001  8733
=005  20251003085457.0
=008  220907s1926\\\\|||ah|||\c|||\00|\0dger\d
=041  \\$ager
=100  \\$aKinsky, Georg$d1882-1951$4aut$94997
=245  \\$aVersteigerung von Musiker-Autographen aus dem Nachlass des Herrn Kommerzienrates Wilhelm Heyer in Köln
=260  \\$aBerlin$bHenrici$bLiepmannssohn$c1926
=300  \\$a128-xvi pages$bill. 
=500  \\$aWilhelm Heyer was a German businessman and collector of historical musical instruments and music autograph manuscripts. He founded a Musikhistorischen Museums in Cologne.
=500  \\$aKommerzienrat Heyer erklärte im Geleitwort des ersten Bandes seines Bestandskatalogs, was ihn in seiner Sammelleidenschaft leitete:
„Mein Wunsch ist, durch erläuternde Vorträge und stilgerecht ausgeführte historische Konzerte mit Benutzung alter Instrumente nach Kräften zur Wiederbelebung der Musik vergangener Zeiten beizutragen, um die Erkenntnis der Schönheit und des bleibenden Wertes so vieler unverdient in Vergessenheit geratenen Werke der Vergangenheit und der reizvollen Eigenart der Instrumente, für die sie geschrieben sind, in den Kreisen ernsthafter Musikfreunde zu erwecken und zu pflegen.Cöln, im Dezember 1910." 
[wikipedia on Wilhelm Heyer]
=500  \\$aThis auction catalogue contains autograph manuscripts by Johann Sebastian Bach, Mozart, Schubert, Beethoven, Paganini and many other famous composers. 
=561  \\$aYale University Music Library, Dragan Plamenac Collection (stamp on verso of title page)
=590  \\$aim Geschäftslokal der Firma Karl Ernst Henrici ... Montag den 6. und Dienstag den 7. Dezember 1926, durch Karl Ernst Henrici & Leo Liepmannssohn, Antiquariat. Beschreibendes Verzeichnis von Dr. Georg Kinsky. 
=648  \0$a20th Century (1901-2000)$1http://www.wikidata.org/entity/Q6927$920936
=650  \0$aManuscript$1http://www.wikidata.org/entity/Q87167$92275
=650  \0$aAuction$1http://www.wikidata.org/entity/Q177923$93849
=650  \0$aCatalogue$1http://www.wikidata.org/entity/Q2352616$921484
=651  \0$aCologne (Germany)$1http://www.wikidata.org/entity/Q365$921601
=700  \\$4col$aHeyer, Wilhelm$d1849-1913$924850
=942  \\$cBOO
=952  \\$00$10$2ddc$40$6BIB_4_000000000000000_DE_COL_HEYE$70$8BIB$98724$aORPH$bORPH$cKTS0$d2020-07-08$eKoopman$i34A08$l0$oBIB4 DE.COL HEYE$p20122655$r2021-01-12 00:00:00$w2021-01-12$yBOO$OKoopman
=999  \\$d8733

