=LDR  02446aam a2200313   4500
=001  8734
=005  20251003085457.0
=008  220907s1927\\\\|||h||||\c|||\00|\0\ger\d
=041  \\$ager
=100  \\$aKinsky, Georg$d1882-1951$4aut$94997
=245  \\$aVersteigerung von Musikbüchern, Praktischer Musik und Musiker-Autographen des 16. bis 18. Jahrhundert aus dem Nachlass des Herrn Kommerzienrates Wilhelm Heyer in Köln
=260  \\$c1927$bLiepmannssohn$bHenrici$aBerlin
=300  \\$a114-xviii pages$bill.
=500  \\$aWilhelm Heyer was a German businessman and collector of historical musical instruments and music autograph manuscripts. He founded a Musikhistorischen Museums in Cologne.
=500  \\$aKommerzienrat Heyer erklärte im Geleitwort des ersten Bandes seines Bestandskatalogs, was ihn in seiner Sammelleidenschaft leitete:
„Mein Wunsch ist, durch erläuternde Vorträge und stilgerecht ausgeführte historische Konzerte mit Benutzung alter Instrumente nach Kräften zur Wiederbelebung der Musik vergangener Zeiten beizutragen, um die Erkenntnis der Schönheit und des bleibenden Wertes so vieler unverdient in Vergessenheit geratenen Werke der Vergangenheit und der reizvollen Eigenart der Instrumente, für die sie geschrieben sind, in den Kreisen ernsthafter Musikfreunde zu erwecken und zu pflegen.Cöln, im Dezember 1910."
[wikipedia on Wilhelm Heyer]
=561  \\$aYale University Music Library, Dragan Plamenac Collection (stamp on verso of title page)
=648  \0$a16th Century (1501-1600)$1http://www.wikidata.org/entity/Q7017$920944
=648  \0$a17th Century (1601-1700)$1http://www.wikidata.org/entity/Q7016$920923
=648  \0$a18th Century (1701-1800)$1http://www.wikidata.org/entity/Q7015$920899
=650  \0$aMusic theory$1http://www.wikidata.org/entity/Q193544$92662
=650  \0$aManuscript$1http://www.wikidata.org/entity/Q87167$92275
=650  \0$aAuction$1http://www.wikidata.org/entity/Q177923$93849
=650  \0$aCatalogue$1http://www.wikidata.org/entity/Q2352616$921484
=650  \0$aCollecting$1http://www.wikidata.org/entity/Q208165$92117
=651  \0$aCologne (Germany)$1http://www.wikidata.org/entity/Q365$921601
=700  \\$4col$aHeyer, Wilhelm$d1849-1913$924850
=942  \\$cBOO
=952  \\$00$10$2ddc$40$6BIB_4_000000000000000_DE_COL_HEYE$70$8BIB$98725$aORPH$bORPH$cKTS0$d2020-07-08$eKoopman$i34A09$l0$oBIB4 DE.COL HEYE$p20122649$r2021-01-12 00:00:00$w2021-01-12$yBOO$OKoopman
=999  \\$d8734

