=LDR  00935aam a2200205   4500
=001  8735
=005  20250926134855.0
=008  220907s1937\\\\||||||||\b|||\00|\0\ger\d
=041  \\$ager
=100  \\$aKinsky, Georg$d1882-1951$4aut$94997
=245  \\$aDie Originalausgaben der Werke Johann Sebastian Bachs:$bEin Beitrag zur Musikbibliographie
=260  \\$aVienna$bReichner$c1937
=561  \\$aEx libris Gustav Leonhardt
=600  \0$aBach, Johann Sebastian$d1685-1750$1http://www.wikidata.org/entity/Q1339$94766
=648  \0$a18th Century (1701-1800)$1http://www.wikidata.org/entity/Q7015$920899
=650  \0$aBibliography$1http://www.wikidata.org/entity/Q134995$93965
=650  \0$aMusic printing$1http://www.wikidata.org/entity/Q64416036$94007
=942  \\$cBOO
=952  \\$00$10$2ddc$40$6BIO_BACH1_E$70$8BIO$98726$aORPH$bORPH$cKTS1_P$d2020-07-08$eKoopman$i45D48$oBIO BACH1 e$p20127281$r2021-01-12 00:00:00$w2021-01-12$yBOO$OKoopman
=999  \\$d8735

