=LDR  00373    a2200109   4500
=001  8736
=100  \\$aKirchner, G.$912009
=245  \\$aDer Generalbaß bei Heinrich Schüt
=260  \\$c1960
=942  \\$cBOO
=952  \\$00$10$2ddc$40$6BIO_SCHU5_E$70$8BIO$98727$aORPH$bORPH$cKTS1_P$d2020-07-08$eKoopman$i23F39$oBIO SCHU5 e$p20128664$r2021-01-12 00:00:00$w2021-01-12$yBOO$OKoopman
=999  \\$c8736$d8736

