=LDR  01432nam a22002897i 4500
=001  8737
=005  20250828123338.0
=008  910930s1966\\\\au\||||||\\\\|||||\|||||c
=040  \\$bOI
=041  \7$ager
=100  \\$aKirkendale, Ursula$1http://www.wikidata.org/entity/Q59526943$4aut$912013
=245  10$aAntonio Caldara.$bSein Leben und seine Venezianisch-Römischen Oratorien
=260  \\$aGraz$aCologne$bBöhlau$c1966
=300  \\$a406 pages, [6] pages of tables$billustrations, music examples$c24 cm
=490  \\$aWiener Musikwissenschaftliche Beiträge$v6
=600  \0$aCaldara, Antonio$d1670-1736$1http://www.wikidata.org/entity/Q311571$914892
=648  \0$a17th Century (1601-1700)$1http://www.wikidata.org/entity/Q7016$920923
=648  \0$a18th Century (1701-1800)$1http://www.wikidata.org/entity/Q7015$920899
=650  \0$aComposer$1http://www.wikidata.org/entity/Q36834$93625
=650  \0$aBiography$1http://www.wikidata.org/entity/Q36279$91927
=650  \0$aOratorio$1http://www.wikidata.org/entity/Q85477$91825
=650  \0$aCatholicism$1http://www.wikidata.org/entity/Q1841$921631
=651  \0$aVenice (Italy)$1http://www.wikidata.org/entity/Q641$91
=651  \0$aRome (Italy)$1http://www.wikidata.org/entity/Q220$949
=942  \\$cBOO
=952  \\$00$10$2ddc$40$6BIO_CALD_D$70$8BIO$98728$aORPH$bORPH$cKTS1_P$d2020-07-08$eKoopman$i37B11$oBIO CALD d$p20130297$r2021-01-12 00:00:00$w2021-01-12$yBOO$OKoopman
=999  \\$d8737

