=LDR  00845aam a2200193   4500
=001  8738
=008  250210s1972\\\\||||||||\||||\00|\0\ita\d
=041  \\$aita
=100  \\$aKirkendale, Warren$912012$4aut
=245  \\$aL'Aria di Fiorenza, id est Il Ballo del Gran Duca
=260  \\$c1972
=300  \\$a168 pages, 12 tables$bmusic$c24x33 cm
=648  \0$a16th Century (1501-1600)$1http://www.wikidata.org/entity/Q7017$920944
=650  \0$aPartimento$1http://www.wikidata.org/entity/Q2054960$921242
=650  \0$aHarmony$1http://www.wikidata.org/entity/Q184421$92358
=651  \0$aFlorence (Italy)$1http://www.wikidata.org/entity/Q2044$9248
=942  \\$cBOO
=952  \\$00$10$2ddc$40$6TOP_IT_FLO_4_000000000000000$70$8TOP$98729$aORPH$bORPH$cKTS0$d2020-07-08$eKoopman$i41E13$l0$oTOP IT.FLO 4$p20122099$r2021-01-12 00:00:00$w2021-01-12$yBOO$OKoopman
=999  \\$d8738

