=LDR  02359cam a2200217 a 4500
=001  8739
=005  20250120120038.0
=008  071012s2007\\\\it\ag\\\\b\\\\001\0\eng\d
=020  \\$a9788822256591
=041  0\$aeng
=245  10$aMusic and Meaning: Studies in Music History and the Neighbouring Disciplines
=260  \\$aFlorence$bOlschki$c2007
=300  \\$axi-643 pages
=490  \\$aHistoriae Musicae Cultores$v113
=520  \\$aCirculatio-tradition, Maria lactans, and Josquin as musical orator ; Ciceronians versus Aristotelians on the ricercar as exordium, from Bembo to Bach ; On the rhetorical interpretation of the ricercar and J.S. Bach's Musical offering ; Franceschina, Girometta, and their companions in a madrigal a diversi linguaggi by Luca Marenzio and Orazio Vecchi ; The myth of the "birth of opera" in the Florentine Camerata deflated with the Roman gentleman Emilio de' Cavalieri ; Sul primo Orfeo di Monteverdi, Francesco Rasi : compositore, poeta, cantante, omicida / Warren Kirkendale -- The King of Heaven and the King of France : on a topos in the manner of Lully ; The War of the Spanish Succession reflected in music by Antonio Caldara (Mantua, Milan, Vienna, Rome) ; The Ruspoli documents on Handel ; Organ playing in the Lateran and other remembrances on Handel : a report in the Voiage historique of 1737 ; Handel with Ruspoli : new documents from the Archivio segreto vaticano, 1706-1708 ; The source for Bach's Musical offering : the Institutio oratoria of Quintilian ; A review of the facsimile edition of J.S. Bach's Musical offering / Ursula Kirkendale -- The Baroque Mozart ; Ancient rhetorical traditions in Beethoven's Missa solemnis ; Gregorian style in Beethoven's String quartet op. 132 ; The Great fugue, op. 133 : Beethoven's Art of fugue ; "Segreto comunicato da Paganini" : a history of harmonics on the violin ; "As a historian I live with the past" : an interview of Péter Halász with Warren Kirkendale ; On "sources" for music history / Warren Kirkendale.
=700  \\$aKirkendale, Warren$4aut$912012
=700  \\$aKirkendale, Ursula$4aut$912013
=942  \\$cBOO
=952  \\$00$10$2ddc$40$6TRE_KIRK$70$8TRE$98730$aORPH$bORPH$cKTS1_H$d2020-07-08$eKoopman$i44G08$l0$oTRE KIRK$p20126873$r2021-01-12 00:00:00$w2021-01-12$yBOO
=999  \\$c8739$d8739
=650  \0$aMusic criticism$1http://www.wikidata.org/entity/Q11748889$921598

