=LDR  00977aam a2200217   4500
=001  8741
=008  210410s1968\\\\\\\|||||\||||\00|\0\eng\d
=041  \\$aeng
=100  \\$aKirkpatrick, Ralph$d1911-1984$4aut$1http://www.wikidata.org/entity/Q597101$912014
=245  \\$aDomenico Scarlatti
=260  \\$aNew York$bCrowell$c1968
=300  \\$axviii-485 pages
=600  \0$aScarlatti, Domenico$d1685-1757$1http://www.wikidata.org/entity/Q167837$95383
=648  \0$a18th Century (1701-1800)$1http://www.wikidata.org/entity/Q7015$920899
=650  \0$aComposer$1http://www.wikidata.org/entity/Q36834$93625
=650  \0$aBiography$1http://www.wikidata.org/entity/Q36279$91927
=651  \0$aItaly$1http://www.wikidata.org/entity/Q38$922
=651  \0$aSpain$1http://www.wikidata.org/entity/Q29$920983
=942  \\$cBOO
=952  \\$00$10$2ddc$40$6BIO_SCAR2_D$70$8BIO$98732$aORPH$bORPH$cKTS1_P$d2020-07-08$eKoopman$i23G31$l0$oBIO SCAR2 d$p20125750$r2021-01-12 00:00:00$w2021-01-12$yBOO
=999  \\$d8741

