=LDR  01193cam a2200277 a 4500
=001  8748
=005  20250120120228.0
=008  881129s1986\\\\ne\a\\\\\b\\\\000\0\dut\\
=020  \\$a9067071234 :$cfl 29.75
=040  \\$aOI
=041  \\$adut
=245  03$aDe smaak van de elite:$bAmsterdam in de eeuw van de beeldenstorm
=260  \\$aAmsterdam$bBataafsche Leeuw$bAmsterdams Historisch Museum$c1986
=300  \\$a112 pages$billustrations (some color)$c30 cm
=490  \\$aDe eeuw van de beeldenstorm
=500  \\$aPublished on the occasion of an exhibition held at the Museum.
=504  \\$aIncludes bibliographies.
=648  \0$a16th Century (1501-1600)$1http://www.wikidata.org/entity/Q7017$920944
=650  \0$aFine art$1http://www.wikidata.org/entity/Q219625$921579
=650  \0$aPatronage$1http://www.wikidata.org/entity/Q214092$94245
=651  \0$aNetherlands$1http://www.wikidata.org/entity/Q55$9173
=700  \\$aKistemaker, Renée$4edt$914895
=700  \\$aJonker, Michiel$4edt$914840
=942  \\$cBOO
=952  \\$00$10$2ddc$40$6TOP_NL_4_000000000000000$70$8TOP$98739$aORPH$bORPH$cKTS0$d2020-07-08$eKoopman$i19G27$oTOP NL 4$p20125191$r2021-01-12 00:00:00$w2021-01-12$yBOO
=999  \\$d8748

