=LDR  00998cam a2200241 a 4500
=001  8749
=005  20250120120038.0
=008  971230s2000\\\\njua\\\\\b\\\\101\0\eng\\
=020  \\$a0874136407 (alk. paper)
=040  \\$aOI
=041  \\$aeng
=100  \\$4edt$aWheelock, Arthur K.$eEditor$912022
=245  04$aThe Public and Private in Dutch Culture of the Golden Age
=260  \\$aNewark$bUniversity of Delaware Press$aLondon$bAssociated University Presses$c2000
=300  \\$a278 p. :$bill. ;$c29 cm.
=504  \\$aIncludes bibliographical references and index.
=648  \0$a17th Century (1601-1700)$1http://www.wikidata.org/entity/Q7016$920923
=651  \0$aNetherlands$1http://www.wikidata.org/entity/Q55$9173
=653  \\$ageneral history
=700  \\$aSeeff, Adele F.$4edt$eEditor$912023
=942  \\$cBOO
=952  \\$00$10$2ddc$40$6TOP_NL_5_000000000000000$70$8TOP$98740$aORPH$bORPH$cKTS0$d2020-07-08$eKoopman$i23C11$l0$oTOP NL 5$p20128580$r2021-01-12 00:00:00$w2021-01-12$yBOO
=999  \\$c8749$d8749

