=LDR  00384    a2200121   4500
=001  8750
=020  \\$a3895010669
=100  \\$aKistler-Liebendörfe$912024
=245  \\$aQuaerendo invenietis
=260  \\$c1994
=942  \\$cBOO
=952  \\$00$10$2ddc$40$6BIO_BACH1_E$70$8BIO$98741$aORPH$bORPH$cKTS1_P$d2020-07-08$eKoopman$i37D13$oBIO BACH1 e$p20120544$r2021-01-12 00:00:00$w2021-01-12$yBOO
=999  \\$c8750$d8750

