=LDR  02709cam a2200265 a 4500
=001  8751
=005  20250120120038.0
=008  061120s2007\\\\inuag\\\\b\\\s001\0\eng\\
=020  \\$a9780253348661 (cloth : alk. paper)
=020  \\$a0253348668 (cloth : alk. paper)
=040  \\$aOI
=041  \\$aeng
=100  \\$4edt$aKite-Powell, Jeffery T.$912025
=245  02$aA Performer's Guide to Renaissance Music
=250  \\$a2nd ed., Rev. and expanded
=260  \\$aBloomington, IN$bIndiana University Press$c2007
=300  \\$axxi-474 pages$billustrations, music$c25 cm
=490  \\$aPublications of the Early Music Institute
=504  \\$aIncludes bibliographical references (p. [423]-452) and index.
=505  0\$gVocal/choral issues. The solo voice in the Renaissance / Ellen Hargis ; On singing and the vocal ensemble I / Alexander Blachly ; On singing and the vocal ensemble II / Alejandro Planchart ; Practical matters of vocal performance / Anthony Rooley -- Wind, string, and percussion instruments. Recorder / Herbert Myers ; Renaissance flute / Herbert Myers ; Capped double reeds : crumhorn--Kortholt--Schreierpfeif / Jeffery Kite-Powell ; Shawm and curtal / Ross Duffin ; Racket : rackett, rankett (Ger.), cervelas (Fr.), cervello (It.) / Jeffery Kite-Powell ; Bagpipe / Adam Knight Gilbert ; Cornett / Douglas Kirk ; Sackbut / Stewart Carter ; Bowed instruments / Wendy Gillespie ; The violin / David Douglass ; Plucked instruments / Paul O'Dette ; The harp / Herbert Myers ; Early percussion / Benjamin Harms ; Keyboard instruments / Jack Ashworth -- Practical considerations/instrumentation. Proto-continuo / Jack Ashworth and Paul O'Dette ; Mixed ensembles / James Tyler ; Large ensembles / Jeffery Kite-Powell ; Rehearsal tips for directors / Adam Knight Gilbert ; Performance editions / Frederick Gable -- Performance practice. Tuning and temperament / Ross Duffin ; Pitch and transposition / Herbert Myers ; Ornamentation in sixteenth-century music / Bruce Dickey ; Pronunciation guides / Ross Duffin -- Aspects of theory. Eight brief rules for composing a si placet altus, ca. 1470-1510 / Adam Knight Gilbert ; Renaissance theory / Sarah Mead -- Introduction to Renaissance dance. Early Renaissance dance, 1450-1520 / Yvonne Kendall -- For the early music director. Starting from scratch / Jeffery Kite-Powell
=648  \0$aRenaissance (1400-1600)$1http://www.wikidata.org/entity/Q4692$920965
=650  \0$aHistorically informed performance$1http://www.wikidata.org/entity/Q1344860$920980
=942  \\$cBOO
=952  \\$00$10$2ddc$40$6MTP_2_000000000000000_KITE$70$8MTP$98742$aORPH$bORPH$cKM12_1$d2020-07-08$eKoopman$i44A03$l0$oMTP2 KITE$p20126746$r2021-01-12 00:00:00$w2021-01-12$yBOO
=999  \\$d8751

