=LDR  00397    a2200121   4500
=001  8752
=020  \\$a9780140086508
=100  \\$aKitson, M.$912026
=245  \\$aThe Complete Paintings of Caravag
=260  \\$c1985
=942  \\$cBOO
=952  \\$00$10$2ddc$40$6BIO_CARA_C$70$8BIO$98743$aORPH$bORPH$cKTS1_P$d2020-07-08$eKoopman$i18F25$oBIO CARA c$p20127775$r2021-01-12 00:00:00$w2021-01-12$yBOO$OKoopman
=999  \\$c8752$d8752

