=LDR  00950    a2200217   4500
=001  8753
=008  220506s1976\\\\dk\a||||\||||\00|\0\dan\d
=041  \\$adan
=100  \\$aKjersgaard, Mads$4aut$912027
=245  \\$aRenaissanceorglet I Sønderborg Slotskapel
=246  \1$aThe Renaissance Organ in the Castle Chapel of Sonderborg
=260  \\$c1976$bDanske Orgelselkab
=300  \\$a69 pages+leaves
=336  \\$aprinted
=610  \0$aSønderborg Slotskirke (Sønderborg, Denmark)$1http://www.wikidata.org/entity/Q473434$924103
=650  \0$aOrgan$1http://www.wikidata.org/entity/Q1444$92810
=650  \0$aOrganology$1http://www.wikidata.org/entity/Q899293$921400
=651  \0$aSønderborg (Denmark)$1http://www.wikidata.org/entity/Q21179$924104
=942  \\$cBOO
=952  \\$00$10$2ddc$40$6INS_3_000000000000000_1E_DK_SON$70$8INS$98744$aORPH$bORPH$cKTS0$d2020-07-08$eKoopman$i24C34$oINS3.1e DK.SON$p20129024$r2021-01-12 00:00:00$w2021-01-12$yBOO
=999  \\$d8753

