=LDR  01641cam a2200337 a 4500
=001  8754
=005  20250120120315.0
=008  991105s1999\\\\ne\a\\\\\bc\\\001\0\dut\d
=020  \\$a9065505814
=040  \\$aOI
=041  \\$adut
=245  00$aJan en Casper Luyken te boek gesteld:$bcatalogus van de boekencollectie Van Eeghen in het Amsterdams Historisch Museum
=246  30$aCatalogus van de boekencollectie Van Eeghen in het Amsterdams Historisch Museum
=260  \\$aHilversum$bVerloren$c1999
=300  \\$a576 pages$billustrations$c26 cm
=504  \\$aIncludes bibliographical references and indexes.
=590  \\$aSamengesteld door Nel Klaversma, Kiki Hannema
=600  \0$aLuiken, Jan$d1649-1712$1http://www.wikidata.org/entity/Q87466$95171
=600  \0$aLuiken, Caspar$d1672-1708$1http://www.wikidata.org/entity/Q18508002$912029
=600  \0$aEeghen, Christiaan Pieter van$d1880-1968$1http://www.wikidata.org/entity/Q1834153$99351
=610  \0$aAmsterdams Historisch Museum (Netherlands)$91415
=648  \0$a19th Century (1801-1900)$1http://www.wikidata.org/entity/Q6955$920935
=650  \0$aApplied arts$1http://www.wikidata.org/entity/Q2865882$921627
=650  \0$aBook$1http://www.wikidata.org/entity/Q571$92285
=650  \0$aCollecting$1http://www.wikidata.org/entity/Q208165$92117
=651  \0$aNetherlands$1http://www.wikidata.org/entity/Q55$9173
=700  \\$aKlaversma, Nel$4edt$912031
=700  \\$aHannema, Kiki$4edt$912032
=942  \\$cBOO
=952  \\$00$10$2ddc$40$6BIO_LUYK_C$70$8BIO$98745$aORPH$bORPH$cKTS1_P$d2020-07-08$eKoopman$i22A25$oBIO LUYK c$p20125608$r2021-01-12 00:00:00$w2021-01-12$yBOO
=999  \\$d8754

