=LDR  00921    a2200205   4500
=001  8757
=008  221128s1975\\\\nl\fa|||\||||\00|\0\dut\d
=041  \\$adut
=245  \\$aKamper Orgels deel 1.$bHet orgel in de St. Nicolaas- of Bovenkerk
=260  \\$c1975$aKampen$bVan der Berg
=300  \\$a90 pages
=610  \0$aSt.-Nicolaas- of Bovenkerk (Kampen, Netherlands)$1http://www.wikidata.org/entity/Q2315000$925395
=650  \0$aOrgan$1http://www.wikidata.org/entity/Q1444$92810
=650  \0$aOrganology$1http://www.wikidata.org/entity/Q899293$921400
=651  \0$aNetherlands$1http://www.wikidata.org/entity/Q55$9173
=700  \\$4aut$aKleij, W. D. van der$912037
=700  \\$4aut$aZwart, Henrik W.$925394
=942  \\$cBOO
=952  \\$00$10$2ddc$40$6INS_3_000000000000000_1E_NL_KAM$70$8INS$98748$aORPH$bORPH$cKTS0$d2020-07-08$eKoopman$i24G62$l0$oINS3.1e NL.KAM$p20129294$r2021-01-12 00:00:00$w2021-01-12$yBOO$OKoopman
=999  \\$d8757

