=LDR  00817    a2200205   4500
=001  8758
=008  221128s1995\\\\nl\fa|||\||||\00|\0\dut\d
=020  \\$a9066970804
=041  \\$adut
=245  \\$aOrgels en organisten in Kampen
=260  \\$c1995$aKampen$bIjsselakademie
=300  \\$a192 pages
=650  \0$aOrgan$1http://www.wikidata.org/entity/Q1444$92810
=650  \0$aOrganology$1http://www.wikidata.org/entity/Q899293$921400
=651  \0$aKampen (Netherlands)$1http://www.wikidata.org/entity/Q10014$925396
=700  \\$4aut$aKleij, W. D. van der$912037
=700  \\$4aut$aZwart, Henrik W.$925394
=942  \\$cBOO
=952  \\$00$10$2ddc$40$6INS_3_000000000000000_1A_NL_KAM$70$8INS$98749$aORPH$bORPH$cKTS0$d2020-07-08$eKoopman$i28C10$l0$oINS3.1a NL.KAM$p20121430$r2021-01-12 00:00:00$w2021-01-12$yBOO$OKoopman
=999  \\$d8758

