=LDR  01271cam a2200277 a 4500
=001  8759
=005  20250925143258.0
=008  990527s1998\\\\gw\g\\\\\b\\\\001\0\ger\d
=020  \\$a3932090314 (pbk.)
=040  \\$aOI
=041  \\$ager
=100  \\$aKlein, Christine$4aut$922316
=245  10$aDokumente zur Telemann-Rezeption 1767 bis 1907
=260  \\$aOschersleben$bZiethen$c1998
=300  \\$axl-370 pages$bmusic ;$c23 cm.
=490  \\$aSchriftenreihe zur mitteldeutschen Musikgeschichte. Serie II: Forschungsbeiträge$v1
=504  \\$aIncludes bibliographical references (p. 334-358) and index.
=600  \0$aTelemann, Georg Philipp$d1681-1767$1http://www.wikidata.org/entity/Q75854$99287
=648  \0$a18th Century (1701-1800)$1http://www.wikidata.org/entity/Q7015$920899
=648  \0$a19th Century (1801-1900)$1http://www.wikidata.org/entity/Q6955$920935
=648  \0$a20th Century (1901-2000)$1http://www.wikidata.org/entity/Q6927$920936
=650  \0$aComposer$1http://www.wikidata.org/entity/Q36834$93625
=650  \0$aLegacy$1http://www.wikidata.org/entity/Q623282$922131
=942  \\$cBOO
=952  \\$00$10$2ddc$40$6BIO_TELE_E$70$8BIO$98750$aORPH$bORPH$cKTS1_P$d2020-07-08$eKoopman$i38C18$oBIO TELE e$p20120430$r2021-01-12 00:00:00$w2021-01-12$yBOO
=999  \\$d8759

