=LDR  01042aam a2200217   4500
=001  8762
=008  240309s1962\\\\|||g||||\||||\00|\0beng\d
=041  \\$aeng
=100  \\$aKlenz, W.$912042$4aut
=245  \\$aGiovanni Maria Bononcini of Modena:$bA Chapter in Baroque Instrumental Music
=260  \\$aDurham, NC$bDuke University Press$c1962
=600  \0$aBononcini, Giovanni Maria$d1642-1678$1http://www.wikidata.org/entity/Q957648$98968
=648  \0$a17th Century (1601-1700)$1http://www.wikidata.org/entity/Q7016$920923
=650  \0$aComposer$1http://www.wikidata.org/entity/Q36834$93625
=650  \0$aInstrumental music$1http://www.wikidata.org/entity/Q639197$92106
=650  \0$aMusic theorist$1http://www.wikidata.org/entity/Q16031530$92202
=650  \0$aBiography$1http://www.wikidata.org/entity/Q36279$91927
=651  \0$aModena (Italy)$926495
=942  \\$cBOO
=952  \\$00$10$2ddc$40$6BIO_BONO1_D$70$8BIO$98753$aORPH$bORPH$cKTS1_P$d2020-07-08$eKoopman$i31A07$oBIO BONO1 d$p20121165$r2021-01-12 00:00:00$w2021-01-12$yBOO$OKoopman
=999  \\$d8762

