=LDR  00636aam a2200157   4500
=001  8763
=008  240322s1965\\\\||||||||\||||\00|\0\dut\d
=041  \\$adut
=100  \\$aKlerk, J. de$912043$4aut
=245  \\$aHaarlems muziekleven in de loop der tijden
=260  \\$aHaarlem$bTjeenk Willink$c1965
=650  \0$aMusic history$1http://www.wikidata.org/entity/Q846047$921373
=651  \0$aHaarlem (Netherlands)$1http://www.wikidata.org/entity/Q9920$921584
=942  \\$cBOO
=952  \\$00$10$2ddc$40$6TOP_FR_HAA$70$8TOP$98754$aORPH$bORPH$cKTS0$d2020-07-08$eKoopman$i20B22$l0$oTOP FR.HAA$p20127989$r2021-01-12 00:00:00$w2021-01-12$yBOO$OKoopman
=999  \\$d8763

