=LDR  01070nam a2200265 i 4500
=001  8764
=005  20250121142124.0
=008  801021s1980\\\\gw\\\\\\\b\\\\001\0bger\\
=020  \\$a3455037658 :$cDM28.00
=040  \\$aOI
=041  \\$ager
=100  \\$aKlessmann, Eckart$4aut$912044
=245  10$aTelemann in Hamburg:$b1721-1767$cEckart Klessmann
=250  \\$a1st ed.
=260  \\$aHamburg$bHoffmann und Campe$c1980
=300  \\$a247 pages$c20 cm.
=504  \\$aBibliography: p. 234-242.
=600  \0$aTelemann, Georg Philipp$d1681-1767$1http://www.wikidata.org/entity/Q75854$99287
=648  \0$a18th Century (1701-1800)$1http://www.wikidata.org/entity/Q7015$920899
=650  \0$aComposer$1http://www.wikidata.org/entity/Q36834$93625
=650  \0$aBiography$1http://www.wikidata.org/entity/Q36279$91927
=651  \0$aHamburg (Germany)$1http://www.wikidata.org/entity/Q1055$921940
=942  \\$cBOO
=952  \\$00$10$2ddc$40$6BIO_TELE_D$70$8BIO$98755$aORPH$bORPH$cKTS1_P$d2020-07-08$eKoopman$i45D34$oBIO TELE d$p20127295$r2021-01-12 00:00:00$w2021-01-12$yBOO
=999  \\$d8764

