=LDR  01098cam a2200265 a 4500
=001  8765
=005  20250120120258.0
=008  961211s1996\\\\gw\ag\\\\b\\\\000\0\ger\\
=010  \\$a   96228892 
=020  \\$a347645147X
=035  \\$a(CtY)notisFKK6018
=035  \\$a(CStRLIN)CTYAFKK6018-B
=040  \\$aCtY-Mus$cCtY-Mus$dDLC
=042  \\$alccopycat
=100  \\$aKlingsporn, Regine$912045
=245  10$aJean-Philippe Rameaus Opern im ästhetischen Diskurs ihrer Zeit :$bOpernkomposition, Musikanschauung und Opernpublikum in Paris 1733-1753 /$cRegine Klingsporn.
=260  \\$aStuttgart :$bM&P,$cc1996.
=300  \\$a371 p. :$bill., music ;$c21 cm.
=504  \\$aIncludes bibliographical references (p. 359-371).
=600  \0$aRameau, Jean-Philippe$d1683-1764$1http://www.wikidata.org/entity/Q1145$94787
=650  \0$aMusic$92062
=650  \0$aOpera$1http://www.wikidata.org/entity/Q1344$92468
=942  \\$cBOO
=952  \\$00$10$2ddc$40$6BIO_RAME_E$70$8BIO$98756$aORPH$bORPH$cKTS1_P$d2020-07-08$eKoopman$i24D42$oBIO RAME e$p20129094$r2021-01-12 00:00:00$w2021-01-12$yBOO$OKoopman
=999  \\$c8765$d8765

