=LDR  04165aam a2200589   4500
=001  8766
=005  20250925143258.0
=008  230925s1991\\\\|||o||||\||||\00|\0\dut\d
=020  \\$a9071540189
=041  \\$adut
=100  \\$aKlis, Jolande van der$920535$4aut
=245  \\$aOude muziek in Nederland.$bHet verhaal van de pioniers, 1900-1975
=260  \\$aUtrecht$bStichting Organisatie Oude Muziek$c1991
=300  \\$a216 pages$billustrations
=504  \\$aIncludes a Bibliography and Index of names
=505  \\$gDe pioniers in het buitenland -- Oude muziek in het 19e-eeuwse Nederland -- Bach en het muziekleven na 1900 -- Erwin Bodky en Carel van Leeuwen Boomkamp -- Hans Brandts Buys -- De eerste clavecinisten -- De huismuziek en de blokfluit -- Muziekkring Obrecht -- Het Leonhardt Consort -- Barokensembles 1945-1968 -- Muziek uit de middeleeuwen en renaissance -- De strijkers -- De blazers -- De vocalisten -- 1968-1975: De doorbraak -- Epiloog
=600  \0$1http://www.wikidata.org/entity/Q194638$aDolmetsch, Arnold$d1858-1940$910557
=600  \0$1http://www.wikidata.org/entity/Q160257$aLandowska, Wanda$d1879-1959$95780
=600  \0$1http://www.wikidata.org/entity/Q964611$aVerhulst, Johannes$d1816-1891$95467
=600  \0$1http://www.wikidata.org/entity/Q74307$aSeiffert, Max$d1868-1948$96471
=600  \0$1http://www.wikidata.org/entity/Q336725$aMengelberg, Willem$d1871-1951$98237
=600  \0$1http://www.wikidata.org/entity/Q99767$aBodky, Erwin$d1896-1958$99708
=600  \0$1http://www.wikidata.org/entity/Q101579588$aLeeuwen Boomkamp, Carel van$d1906-2000$912335
=600  \0$1http://www.wikidata.org/entity/Q2631931$aBrandts Buys, Hans$d1905-1959$98761
=600  \0$1http://www.wikidata.org/entity/Q113627163$aGoldschmidt, Gusta$d1919-2005$923239
=600  \0$1http://www.wikidata.org/entity/Q3999794$aWering, Janny van$d1909-2005$926537
=600  \0$1http://www.wikidata.org/entity/Q117768850$aSpigt, Jaap$d1923-1999$926538
=600  \0$926539$aPhilips, Hans$dfl. 1940-1975
=600  \0$1http://www.wikidata.org/entity/Q3169469$aOtten, Kees$d1924-2008$913097
=600  \0$1http://www.wikidata.org/entity/Q51584$aLeonhardt, Gustav$d1928-2012$917151
=600  \0$1http://www.wikidata.org/entity/Q1897406$aLeonhardt, Marie$d1928-2022$924335
=600  \0$1http://www.wikidata.org/entity/Q711810$aBrüggen, Frans$d1934-2014$917642
=600  \0$1http://www.wikidata.org/entity/Q683223$aSchröder, Jaap$d1925-2020$916164
=600  \0$1http://www.wikidata.org/entity/Q566461$aBijlsma, Anner$d1934-2019$922769
=600  \0$1http://www.wikidata.org/entity/Q2249014$aVester, Frans$d1922-1987$915260
=600  \0$1http://www.wikidata.org/entity/Q503650$aEgmond, Max van$d1936-$912907
=610  \0$1http://www.wikidata.org/entity/Q122864067$aMusica Antiqua Amsterdam (Netherlands)$924814
=610  \0$1http://www.wikidata.org/entity/Q21492941$aCollette family$926540
=610  \0$1http://www.wikidata.org/entity/Q340088$aLeonhardt Consort (Amsterdam, Netherlands)$924831
=610  \0$1http://www.wikidata.org/entity/Q122863623$aAlma Musica (Netherlands)$922167
=610  \0$1http://www.wikidata.org/entity/Q1319884$aEnsemble Alarius (Brussels, Belgium)$922261
=610  \0$1http://www.wikidata.org/entity/Q21492322$aKuijken family$922406
=648  \0$1http://www.wikidata.org/entity/Q6927$a20th Century (1901-2000)$920936
=650  \0$1http://www.wikidata.org/entity/Q436016$aEarly music$93160
=650  \0$1http://www.wikidata.org/entity/Q1344860$aHistorically informed performance$920980
=650  \0$1http://www.wikidata.org/entity/Q846047$aMusic history$921373
=651  \0$1http://www.wikidata.org/entity/Q55$aNetherlands$9173
=700  \\$1http://www.wikidata.org/entity/Q445121$4win$aKoopman, Ton$d1944-$910491
=942  \\$cBOO
=952  \\$00$10$2ddc$40$6TOP_NL_7_000000000000000$70$8TOP$98757$aORPH$bORPH$cKTS0$d2020-07-08$eKoopman$i30F26$l2$oTOP NL 7$p20123304$r2024-01-31 00:00:00$s2024-01-29$w2021-01-12$yBOO$OKoopman
=952  \\$00$10$2ddc$40$6RESERVE$70$8REF$98758$aORPH$bORPH$cKM12_1$l1$oReserve$p20130067$r2024-01-31 00:00:00$s2024-01-29$w2021-01-12$yBOO$OThwaites$d2020-07-08
=999  \\$d8766

