=LDR  01373cam a2200289 a 4500
=001  8768
=005  20250121142124.0
=008  850827s1985\\\\ne\a\\\\\b\\\\001\0\dut\\
=020  \\$a9061940257 (set) :$cfl 75.00
=020  \\$a9061941652 (v. 1)
=020  \\$a906194175X (v. 2)
=040  \\$aOI
=041  0\$adut$bger
=100  \\$aKloek, J. J.$4aut$912048
=245  10$aOver Werther geschreven...$bNederlandse reacties op Goethes Werther, 1775-1800. Proeve van historisch receptie-onderzoek
=260  \\$aUtrecht$bHES$c1985
=300  \\$a2 vols.$billustrations$c23 cm
=504  \\$aBibliography: v. 2, p. 154-164.
=600  \0$aGoethe, Johann Wolfgang von$d1749-1832$1http://www.wikidata.org/entity/Q5879$911175
=648  \0$a18th Century (1701-1800)$1http://www.wikidata.org/entity/Q7015$920899
=650  \0$aNovel$1http://www.wikidata.org/entity/Q8261$921629
=650  \0$aCrescendo$1http://www.wikidata.org/entity/Q2347888$922787
=651  \0$aNetherlands$1http://www.wikidata.org/entity/Q55$9173
=942  \\$cBOO
=952  \\$00$10$2ddc$3vol. 1$40$6BIO_GOET_E$70$8BIO$98759$aORPH$bORPH$cKTS1_P$d2020-07-08$eKoopman$i29C30-1$oBIO GOET e$p20123454$r2021-01-12 00:00:00$w2021-01-12$yBOO
=952  \\$00$10$2ddc$3vol. 2$40$6BIO_GOET_E$70$8BIO$921191$aORPH$bORPH$cKTS1_P$d2020-07-08$eKoopman$i29C30-2$oBIO GOET e$p20123453$r2022-01-14 00:00:00$w2021-01-12$yBOO
=999  \\$d8768

