=LDR  00790aam a2200169   4500
=001  8770
=008  240318s1975\\\\||||||||\||||\00|\0\dut\d
=100  \\$aKloek, W.$912051
=245  \\$aGewelfschilderingen in de Oude Kerk te Amsterdam
=260  \\$aAmsterdam$bStichting de Oude Kerk$c1975
=610  \0$aOude Kerk (Amsterdam, Netherlands)$1http://www.wikidata.org/entity/Q623558$91613
=650  \0$aChurch$1http://www.wikidata.org/entity/Q16970$93776
=650  \0$aInterior design$1http://www.wikidata.org/entity/Q179232$921367
=651  \0$aAmsterdam (Netherlands)$1http://www.wikidata.org/entity/Q727$9135
=942  \\$cBOO
=952  \\$00$10$2ddc$40$6TOP_NL_AMS$70$8TOP$98761$aORPH$bORPH$cKTS0$d2020-07-08$eKoopman$i18B15$l0$oTOP NL.AMS$p20127755$r2021-01-12 00:00:00$w2021-01-12$yBOO$OKoopman
=999  \\$d8770

