=LDR  00812aam a2200193   4500
=001  8772
=008  230531s1927\\\\||||||||\||||\00|\0dger\d
=041  \\$ager
=100  \\$aKloiber, R.$912055$4aut
=245  \\$aDie dramatischen Ballette von Christian Cannabich
=260  \\$aMunich$c1927
=500  \\$aPhD dissertation
=600  \0$1http://www.wikidata.org/entity/Q704681$aCannabich, Christian$d1731-1798$910532
=648  \0$1http://www.wikidata.org/entity/Q7015$a18th Century (1701-1800)$920899
=650  \0$1http://www.wikidata.org/entity/Q41425$aBallet$94412
=651  \0$1http://www.wikidata.org/entity/Q183$aGermany$9155
=942  \\$cBOO
=952  \\$00$10$2ddc$40$6BIO_CANN_E$70$8BIO$98763$aORPH$bORPH$cKTS1_P$d2020-07-08$eKoopman$i45A33$oBIO CANN e$p20127415$r2021-01-12 00:00:00$w2021-01-12$yBOO$OKoopman
=999  \\$d8772

