=LDR  00673aam a2200169   4500
=001  8775
=005  20250929093404.0
=008  250929s1991\\\\||||||||\||||\00|\0\dut\d
=041  \\$adut
=100  \\$aKlöters, J.$912058$4aut
=245  \\$aZo, zo, zo, zingt de Jordaan:$bmuziek en de Jordaan
=260  \\$aAmstelveen$bBuma/Stemra$c1997
=650  \0$aMusic history$1http://www.wikidata.org/entity/Q846047$921373
=651  \0$aAmsterdam (Netherlands)$1http://www.wikidata.org/entity/Q727$9135
=942  \\$cBOO
=952  \\$00$10$2ddc$40$6TOP_NL_AMS$70$8TOP$98766$aORPH$bORPH$cKTS0$d2020-07-08$eKoopman$i21D56$l0$oTOP NL.AMS$p20129746$r2021-01-12 00:00:00$w2021-01-12$yBOO$OKoopman
=999  \\$d8775

