=LDR  01136cam a22002537a 4500
=001  8778
=005  20250926134855.0
=008  851219s1978\\\\gw\a\\\\\\\\\\000\0\ger\\
=020  \\$a3765101575
=040  \\$aOI
=041  \\$ager
=100  \\$aKlotz, Hans$d1900-1987$912060$4aut
=245  10$aPro organo pleno:$bNorm und Vielfalt der Registriervorschrift Joh. Seb. Bachs
=260  \\$aWiesbaden$bBreitkopf & Härtel$c1978
=300  \\$a28-16 pages$billustrations$c24 cm
=490  1\$aJahresgabe 1977 der Internationalen Bach-Gesellschaft Schaffhausen
=600  \0$aBach, Johann Sebastian$d1685-1750$1http://www.wikidata.org/entity/Q1339$94766
=648  \0$a18th Century (1701-1800)$1http://www.wikidata.org/entity/Q7015$920899
=650  \0$aOrgan music$1http://www.wikidata.org/entity/Q2003283$91951
=650  \0$aOrgan registration$1http://www.wikidata.org/entity/Q7309439$923402
=651  \0$aGermany$1http://www.wikidata.org/entity/Q183$9155
=942  \\$cBOO
=952  \\$00$10$40$6BIO_BACH1_E$70$8BIO$98769$aORPH$bORPH$cKTS1_P$d2020-07-08$eKoopman$i46D03$oBIO BACH1 e$p20127704$r2021-01-12 00:00:00$w2021-01-12$yBOO$OKoopman
=999  \\$d8778

