=LDR  01146aam a2200241   4500
=001  8779
=008  230324s2005\\\\||||||||\||||\00|\0\ger\d
=020  \\$a3795211697
=041  \\$ager
=100  \\$aKlotz, M.$4aut$912061
=245  \\$aInstrumentale Konzeptionen in der Virginalmusik von William Byrd
=260  \\$aTutzing$bSchneider$c2005
=490  \\$aTübinger Beiträge zur Musikwissenschaft$v27
=600  \0$aByrd, William$d1539/40-1623$1http://www.wikidata.org/entity/Q208375$910065
=648  \0$a16th Century (1501-1600)$1http://www.wikidata.org/entity/Q7017$920944
=648  \0$a17th Century (1601-1700)$1http://www.wikidata.org/entity/Q7016$920923
=650  \0$aKeyboard music$1http://www.wikidata.org/entity/Q105715630$921412
=650  \0$aVirginal$1http://www.wikidata.org/entity/Q922337$923762
=650  \0$aMusical analysis$1http://www.wikidata.org/entity/Q1544924$92775
=651  \0$aUnited Kingdom$1http://www.wikidata.org/entity/Q21$9273
=942  \\$cBOO
=952  \\$00$10$2ddc$40$6BIO_BYRD_E$70$8BIO$98770$aORPH$bORPH$cKTS1_P$d2020-07-08$eKoopman$i34A34$oBIO BYRD e$p20122628$r2021-01-12 00:00:00$w2021-01-12$yBOO$OKoopman
=999  \\$d8779

