=LDR  01396    a2200229   4500
=001  8780
=008  220429i19721976||||||||\||||\00|\0\dut\d
=041  \\$adut
=100  \\$aKluiver, J. H.$4aut$912062
=245  \\$aHistorische orgels in Zeeland
=260  \\$c1972-73; 1974; 1976$bBoeijenga$aSneek
=300  \\$a3 vols.
=650  \0$aOrgan$1http://www.wikidata.org/entity/Q1444$92810
=650  \0$aOrganology$1http://www.wikidata.org/entity/Q899293$921400
=651  \0$aNetherlands$1http://www.wikidata.org/entity/Q55$9173
=651  \0$aZeeland (Netherlands)$1http://www.wikidata.org/entity/Q705$922789
=710  \\$aKoninklijk Zeeuwsch Genootschap der Wetenschappen (Middelburg, Netherlands)$1http://www.wikidata.org/entity/Q2681284$925016
=942  \\$cBOO
=952  \\$00$10$2ddc$3I$40$6INS_3_000000000000000_1A_NL_ZEE2$70$8INS$98771$aORPH$bORPH$cKTS0$d2020-07-08$eKoopman$i24B39$oINS3.1a NL.ZEE2$p20128796$r2021-01-12 00:00:00$w2021-01-12$yBOO
=952  \\$00$10$2ddc$3II: Walcheren$40$6INS_3_000000000000000_1A_NL_ZEE2$70$8INS$98772$aORPH$bORPH$cKTS0$d2020-07-08$eKoopman$i24B40$oINS3.1a NL.ZEE2$p20128795$r2021-01-12 00:00:00$w2021-01-12$yBOO
=952  \\$00$10$2ddc$3III: Schouwen en Duiveland, Tholen en Zeeuwsch-Vlaanderen$40$6INS_3_000000000000000_1A_NL_ZEE2$70$8INS$98773$aORPH$bORPH$cKTS0$d2020-07-08$eKoopman$i24B41$oINS3.1a NL.ZEE2$p20128794$r2021-01-12 00:00:00$w2021-01-12$yBOO
=999  \\$d8780

