=LDR  01059aam a2200205   4500
=001  8783
=008  240703s1975\\\\||||||||\||||\00|\0\ger\d
=041  \\$ager
=100  \\$aKlusen, E. A.$912063$4aut
=245  \\$aJohann Wilhelm Wilms und das Amsterdamer Musikleben (1772-1847)
=260  \\$c1975$aBuren$bKnuf
=300  \\$aviii-185 pages$billustrations$c22 cm
=500  \\$aJohann Wilhelm Wilms (1772-1847) was a Dutch-German composer, best known for setting the poem Wien Neêrlands Bloed to music, which served as the Dutch national anthem from 1815 to 1932.
=600  \0$aWilms, Johann Wilhelm$d1772-1847$1http://www.wikidata.org/entity/Q540689$95388
=650  \0$aComposer$1http://www.wikidata.org/entity/Q36834$93625
=650  \0$aBiography$1http://www.wikidata.org/entity/Q36279$91927
=651  \0$aAmsterdam (Netherlands)$1http://www.wikidata.org/entity/Q727$9135
=942  \\$cBOO
=952  \\$00$10$2ddc$40$6BIO_WILM_D$70$8BIO$98774$aORPH$bORPH$cKTS1_P$d2020-07-08$eKoopman$i28B08$oBIO WILM d$p20123619$r2021-01-12 00:00:00$w2021-01-12$yBOO$OKoopman
=999  \\$d8783

