=LDR  00742    a2200181   4500
=001  8784
=008  221107s2001\\\\nl\f||||\||||\00|\0\dut\d
=041  \\$adut
=100  \\$aKnaap, J. P. H. van der$4aut$912064
=245  \\$aOrgels in Hoorn. Voorheen en nu
=260  \\$c2001$aHoorn$bBas Baltus
=300  \\$a176 pages
=650  \0$aOrgan$1http://www.wikidata.org/entity/Q1444$92810
=650  \0$aOrganology$1http://www.wikidata.org/entity/Q899293$921400
=651  \0$aHoorn (Netherlands)$1http://www.wikidata.org/entity/Q9938$925282
=942  \\$cBOO
=952  \\$00$10$2ddc$40$6INS_3_000000000000000_1A_NL_HOO$70$8INS$98775$aORPH$bORPH$cKTS0$d2020-07-08$eKoopman$i46E17$l0$oINS3.1a NL.HOO$p20126950$r2021-01-12 00:00:00$w2021-01-12$yBOO$OKoopman
=999  \\$d8784

