=LDR  00760cam a22002051  4500
=001  8785
=005  20250926133622.0
=008  740214s1973\\\\gw\acgj\\bc\\\001\0bger\\
=015  \\$aGFR73-A
=020  \\$a3796130364
=040  \\$aOI
=100  \\$aKnape, Walter$912065
=245  00$aKarl Friedrich Abel:$bLeben u. Werk e. frühklass. Komponisten /$cWalter Knape.
=260  \\$aBremen :$bSchünemann,$c1973.
=300  \\$a239 p. :$bill., ports., music, gen. tab. ;$c23 cm.
=504  \\$aBibliography: p. 219-231.
=600  \0$aAbel, Carl Friedrich$d1723-1787$912066
=942  \\$cBOO
=952  \\$00$10$2ddc$40$6BIO_ABEL_D$70$8BIO$98776$aORPH$bORPH$cKTS1_P$d2020-07-08$eKoopman$i21C46$l0$oBIO ABEL d$p20128240$r2021-01-12 00:00:00$w2021-01-12$yBOO$OKoopman
=999  \\$c8785$d8785

