=LDR  01149nam a2200241 a 4500
=001  8786
=005  20251027115121.0
=008  940603s1993\\\\it\aocg\\b\\\\001\0cger\d
=041  \\$ager
=100  \\$aKnapp, Ernst$d1935-$912067$4aut
=245  10$aKirchenmusik Südtirols :$bSüdtiroler Kirchenmusikkomponisten im musikgeschichtlichen Zusammenhang.
=260  \\$aBozen$bAthesia$c1993
=300  \\$a300-[12] pages
=504  \\$aIncludes bibliographical references (p. 297-298).
=650  \0$aChurch music$1http://www.wikidata.org/entity/Q8812109$92283
=650  \0$aComposer$1http://www.wikidata.org/entity/Q36834$93625
=650  \0$aBiography$1http://www.wikidata.org/entity/Q36279$91927
=650  \0$aMusic history$1http://www.wikidata.org/entity/Q846047$921373
=651  \0$aItaly$1http://www.wikidata.org/entity/Q38$922
=651  \0$aSouth Tyrol$1http://www.wikidata.org/entity/Q2381560$1http://www.wikidata.org/entity/Q15124$941658
=942  \\$cBOO
=952  \\$00$10$2ddc$40$6TOP_IT_SOU_0_000000000000000$70$8TOP$98777$aORPH$bORPH$cKTS0$d2020-07-08$eKoopman$i34B27$l0$oTOP IT.SOU 0$p20122589$r2021-01-12 00:00:00$w2021-01-12$yBOO$OKoopman
=999  \\$d8786

