=LDR  01622aam a2200265   4500
=001  8787
=008  220221i19671969||||||||\c|||\00|\0cger\d
=041  \\$ager
=100  \\$aKnaus, Herwig$d1929-2020$1http://www.wikidata.org/entity/Q1479568$4aut$912068
=245  \\$aDie Musiker im Archivbestand des kaiserlichen Obersthofmeisteramtes
=260  \\$aVienna$bBöhlau$c1967-69
=300  \\$a3 vols.(160+181+167 pages)
=490  \\$aVeröffentlichungen der Kommission für Musikforschung$v7, 8, 10
=610  \0$aHouse of Habsburg$1http://www.wikidata.org/entity/Q65968$922829
=648  \0$a17th Century (1601-1700)$1http://www.wikidata.org/entity/Q7016$920923
=648  \0$a18th Century (1701-1800)$1http://www.wikidata.org/entity/Q7015$920899
=650  \0$aCourt$1http://www.wikidata.org/entity/Q1134237$922191
=650  \0$aMusician$1http://www.wikidata.org/entity/Q639669$93574
=650  \0$aBiography$1http://www.wikidata.org/entity/Q36279$91927
=651  \0$aVienna (Austria)$1http://www.wikidata.org/entity/Q1741$920937
=942  \\$cBOO
=952  \\$00$10$2ddc$3Band I$40$6TOP_AT_VIE_5_000000000000000$70$8TOP$98778$aORPH$bORPH$cKTS0$d2020-07-08$eKoopman$i25C27 I$oTOP AT.VIE 5$p20129229$r2021-01-12 00:00:00$w2021-01-12$yBOO
=952  \\$00$10$2ddc$3Band II$40$6TOP_AT_VIE_5_000000000000000$70$8TOP$98779$aORPH$bORPH$cKTS0$d2020-07-08$eKoopman$i25C27 II$oTOP AT.VIE 5$p20129228$r2021-01-12 00:00:00$w2021-01-12$yBOO
=952  \\$00$10$2ddc$3Band III $40$6TOP_AT_VIE_5_000000000000000$70$8TOP$98780$aORPH$bORPH$cKTS0$d2020-07-08$eKoopman$i25C27 III$oTOP AT.VIE 5$p20129227$r2021-01-12 00:00:00$w2021-01-12$yBOO
=999  \\$d8787

