=LDR  00356    a2200109   4500
=001  8791
=100  \\$aKnippenberg, H. H.$912070
=245  \\$aReyer Anslo
=260  \\$c1913
=942  \\$cBOO
=952  \\$00$10$2ddc$40$6BIO_ANSL_D$70$8BIO$98782$aORPH$bORPH$cKTS1_P$d2020-07-08$eKoopman$i31E21$l0$oBIO ANSL d$p20123210$r2021-01-12 00:00:00$w2021-01-12$yBOO$OKoopman
=999  \\$c8791$d8791

