=LDR  00961cam a22002294a 4500
=001  8792
=005  20250120115826.0
=008  010518s2001\\\\gw\a\\\\\b\\\\000\0bger\\
=020  \\$a3890074421
=040  \\$aOI
=100  1\$aKnispel, Claudia Maria,$d1966-
=245  10$aJohann Sebastian Bach :$bLeben und Zeit im Bild /$cClaudia Maria Knispel ; mit einem Geleitwort von Alfred Dürr.
=260  \\$aLaaber :$bLaaber-Verlag$cc2001.
=300  \\$a206 p. :$bill. (some col.) ;$c29 cm.
=504  \\$aIncludes bibliographical references (p. 203-206).
=600  10$aBach, Johann Sebastian,$d1685-1750.
=650  \0$aComposers$zGermany$vBiography.
=600  10$aBach, Johann Sebastian,$d1685-1750$vPictorial works.
=952  \\$00$10$2ddc$40$6BIO_BACH1_B$70$8BIO$98783$aORPH$bORPH$cKTS1_P$d2020-07-08$eKoopman$i33B01$oBIO BACH1 b$p20122783$r2021-01-12 00:00:00$w2021-01-12$yBOO
=999  \\$c8792$d8792
=651  \0$aGermany$1http://www.wikidata.org/entity/Q183$9155
=942  \\$cBOO

