=LDR  01726cam a22003974a 4500
=001  8795
=005  20250120120133.0
=008  050428s2002\\\\ne\\\\\\\b\\\\001\0beng\c
=010  \\$a  2005419548
=016  7\$a101167519$2DNLM
=020  \\$a9069843420 (hd. bd.)
=035  \\$a(OCoLC)ocm50993876
=040  \\$aOHX$cOHX$dAZS$dNLM$dOCLCQ$dDLC
=042  \\$apcc
=043  \\$ae-ne---
=060  00$a2003 B-987
=060  10$aWZ 100$bB6725K 2002
=072  \7$aQ$2lcco
=072  \7$aR$2lcco
=100  \\$aKnoeff, Rina$912073
=245  10$aHerman Boerhaave (1668-1738) :$bCalvinist chemist and physician /$cRina Knoeff.
=260  \\$aAmsterdam :$bKoninklijke Nederlandse Akademie van Wetenschappen,$c2002.
=300  \\$axvi, 237 p. ;$c25 cm.
=504  \\$aIncludes bibliographical references (p. 219-234) and index.
=600  \0$aBoerhaave, Herman$d1668-1738$1http://www.wikidata.org/entity/Q313093$912074
=650  \0$aChemistry$1http://www.wikidata.org/entity/Q2329$93113
=650  \0$aPhysician$1http://www.wikidata.org/entity/Q39631$93114
=600  \0$aBoerhaave, Herman$d1668-1738$1http://www.wikidata.org/entity/Q313093$912074
=650  10$aPhysician$1http://www.wikidata.org/entity/Q39631$93114
=650  20$aChemist$1http://www.wikidata.org/entity/Q593644$93115
=856  \\$uhttp://www.loc.gov/catdir/enhancements/fy0628/2005419548-d.html$3Publisher description
=942  \\$cBOO
=952  \\$00$10$2ddc$40$6BIO_BOER_E$70$8BIO$98786$aORPH$bORPH$cKTS1_P$d2020-07-08$eKoopman$i30D16$l0$oBIO BOER e$p20121188$r2021-01-12 00:00:00$w2021-01-12$yBOO$OKoopman
=999  \\$c8795$d8795
=490  \\$aHistory of science and scholarship in the Netherlands ;
=651  \0$aNetherlands$1http://www.wikidata.org/entity/Q55$9173

